asset_id,event_type,hash,market,price,side,size,timestamp
10703298184509502202740464237528733764769030979577941510093170241051283757018,book,eb8ab9029ddb954961c2b49a1ab65335420217d9,0x87bf623313e9b3d8f5dca836159c5f2c5c7378aeb58f1dd93a95f2b7d2bf2aa7,0.99,ask,1500,1750212212579
10703298184509502202740464237528733764769030979577941510093170241051283757018,book,eb8ab9029ddb954961c2b49a1ab65335420217d9,0x87bf623313e9b3d8f5dca836159c5f2c5c7378aeb58f1dd93a95f2b7d2bf2aa7,0.98,ask,1500,1750212212579
10703298184509502202740464237528733764769030979577941510093170241051283757018,book,eb8ab9029ddb954961c2b49a1ab65335420217d9,0x87bf623313e9b3d8f5dca836159c5f2c5c7378aeb58f1dd93a95f2b7d2bf2aa7,0.97,ask,350,1750212212579
10703298184509502202740464237528733764769030979577941510093170241051283757018,book,eb8ab9029ddb954961c2b49a1ab65335420217d9,0x87bf623313e9b3d8f5dca836159c5f2c5c7378aeb58f1dd93a95f2b7d2bf2aa7,0.96,ask,250,1750212212579
10703298184509502202740464237528733764769030979577941510093170241051283757018,book,eb8ab9029ddb954961c2b49a1ab65335420217d9,0x87bf623313e9b3d8f5dca836159c5f2c5c7378aeb58f1dd93a95f2b7d2bf2aa7,0.95,ask,150,1750212212579
10703298184509502202740464237528733764769030979577941510093170241051283757018,book,eb8ab9029ddb954961c2b49a1ab65335420217d9,0x87bf623313e9b3d8f5dca836159c5f2c5c7378aeb58f1dd93a95f2b7d2bf2aa7,0.94,ask,100,1750212212579
10703298184509502202740464237528733764769030979577941510093170241051283757018,book,eb8ab9029ddb954961c2b49a1ab65335420217d9,0x87bf623313e9b3d8f5dca836159c5f2c5c7378aeb58f1dd93a95f2b7d2bf2aa7,0.46,ask,13775,1750212212579
10703298184509502202740464237528733764769030979577941510093170241051283757018,book,eb8ab9029ddb954961c2b49a1ab65335420217d9,0x87bf623313e9b3d8f5dca836159c5f2c5c7378aeb58f1dd93a95f2b7d2bf2aa7,0.39,ask,23928,1750212212579
10703298184509502202740464237528733764769030979577941510093170241051283757018,book,eb8ab9029ddb954961c2b49a1ab65335420217d9,0x87bf623313e9b3d8f5dca836159c5f2c5c7378aeb58f1dd93a95f2b7d2bf2aa7,0.38,ask,150,1750212212579
10703298184509502202740464237528733764769030979577941510093170241051283757018,book,eb8ab9029ddb954961c2b49a1ab65335420217d9,0x87bf623313e9b3d8f5dca836159c5f2c5c7378aeb58f1dd93a95f2b7d2bf2aa7,0.37,ask,6283.5,1750212212579
10703298184509502202740464237528733764769030979577941510093170241051283757018,book,eb8ab9029ddb954961c2b49a1ab65335420217d9,0x87bf623313e9b3d8f5dca836159c5f2c5c7378aeb58f1dd93a95f2b7d2bf2aa7,0.36,ask,15140.29,1750212212579
10703298184509502202740464237528733764769030979577941510093170241051283757018,book,eb8ab9029ddb954961c2b49a1ab65335420217d9,0x87bf623313e9b3d8f5dca836159c5f2c5c7378aeb58f1dd93a95f2b7d2bf2aa7,0.35,ask,385,1750212212579
10703298184509502202740464237528733764769030979577941510093170241051283757018,book,eb8ab9029ddb954961c2b49a1ab65335420217d9,0x87bf623313e9b3d8f5dca836159c5f2c5c7378aeb58f1dd93a95f2b7d2bf2aa7,0.33,ask,1400,1750212212579
10703298184509502202740464237528733764769030979577941510093170241051283757018,book,eb8ab9029ddb954961c2b49a1ab65335420217d9,0x87bf623313e9b3d8f5dca836159c5f2c5c7378aeb58f1dd93a95f2b7d2bf2aa7,0.32,ask,2066.72,1750212212579
10703298184509502202740464237528733764769030979577941510093170241051283757018,book,eb8ab9029ddb954961c2b49a1ab65335420217d9,0x87bf623313e9b3d8f5dca836159c5f2c5c7378aeb58f1dd93a95f2b7d2bf2aa7,0.01,bid,1500,1750212212579
10703298184509502202740464237528733764769030979577941510093170241051283757018,book,eb8ab9029ddb954961c2b49a1ab65335420217d9,0x87bf623313e9b3d8f5dca836159c5f2c5c7378aeb58f1dd93a95f2b7d2bf2aa7,0.02,bid,1500,1750212212579
10703298184509502202740464237528733764769030979577941510093170241051283757018,book,eb8ab9029ddb954961c2b49a1ab65335420217d9,0x87bf623313e9b3d8f5dca836159c5f2c5c7378aeb58f1dd93a95f2b7d2bf2aa7,0.03,bid,350,1750212212579
10703298184509502202740464237528733764769030979577941510093170241051283757018,book,eb8ab9029ddb954961c2b49a1ab65335420217d9,0x87bf623313e9b3d8f5dca836159c5f2c5c7378aeb58f1dd93a95f2b7d2bf2aa7,0.04,bid,150,1750212212579
10703298184509502202740464237528733764769030979577941510093170241051283757018,book,eb8ab9029ddb954961c2b49a1ab65335420217d9,0x87bf623313e9b3d8f5dca836159c5f2c5c7378aeb58f1dd93a95f2b7d2bf2aa7,0.18,bid,22903,1750212212579
10703298184509502202740464237528733764769030979577941510093170241051283757018,book,eb8ab9029ddb954961c2b49a1ab65335420217d9,0x87bf623313e9b3d8f5dca836159c5f2c5c7378aeb58f1dd93a95f2b7d2bf2aa7,0.21,bid,519,1750212212579
10703298184509502202740464237528733764769030979577941510093170241051283757018,book,eb8ab9029ddb954961c2b49a1ab65335420217d9,0x87bf623313e9b3d8f5dca836159c5f2c5c7378aeb58f1dd93a95f2b7d2bf2aa7,0.22,bid,50,1750212212579
10703298184509502202740464237528733764769030979577941510093170241051283757018,book,eb8ab9029ddb954961c2b49a1ab65335420217d9,0x87bf623313e9b3d8f5dca836159c5f2c5c7378aeb58f1dd93a95f2b7d2bf2aa7,0.25,bid,30200,1750212212579
10703298184509502202740464237528733764769030979577941510093170241051283757018,book,eb8ab9029ddb954961c2b49a1ab65335420217d9,0x87bf623313e9b3d8f5dca836159c5f2c5c7378aeb58f1dd93a95f2b7d2bf2aa7,0.27,bid,24221.9,1750212212579
10703298184509502202740464237528733764769030979577941510093170241051283757018,book,eb8ab9029ddb954961c2b49a1ab65335420217d9,0x87bf623313e9b3d8f5dca836159c5f2c5c7378aeb58f1dd93a95f2b7d2bf2aa7,0.28,bid,1500,1750212212579
10703298184509502202740464237528733764769030979577941510093170241051283757018,book,eb8ab9029ddb954961c2b49a1ab65335420217d9,0x87bf623313e9b3d8f5dca836159c5f2c5c7378aeb58f1dd93a95f2b7d2bf2aa7,0.29,bid,1507,1750212212579
65424058794767895775830801365721355173229025146188154529118420773977113607634,book,bc749a24f1e7fedc645d54e3705e3d2e80573865,0x87bf623313e9b3d8f5dca836159c5f2c5c7378aeb58f1dd93a95f2b7d2bf2aa7,0.99,ask,1500,1750212212579
65424058794767895775830801365721355173229025146188154529118420773977113607634,book,bc749a24f1e7fedc645d54e3705e3d2e80573865,0x87bf623313e9b3d8f5dca836159c5f2c5c7378aeb58f1dd93a95f2b7d2bf2aa7,0.98,ask,1500,1750212212579
65424058794767895775830801365721355173229025146188154529118420773977113607634,book,bc749a24f1e7fedc645d54e3705e3d2e80573865,0x87bf623313e9b3d8f5dca836159c5f2c5c7378aeb58f1dd93a95f2b7d2bf2aa7,0.97,ask,350,1750212212579
65424058794767895775830801365721355173229025146188154529118420773977113607634,book,bc749a24f1e7fedc645d54e3705e3d2e80573865,0x87bf623313e9b3d8f5dca836159c5f2c5c7378aeb58f1dd93a95f2b7d2bf2aa7,0.96,ask,150,1750212212579
65424058794767895775830801365721355173229025146188154529118420773977113607634,book,bc749a24f1e7fedc645d54e3705e3d2e80573865,0x87bf623313e9b3d8f5dca836159c5f2c5c7378aeb58f1dd93a95f2b7d2bf2aa7,0.82,ask,22903,1750212212579
65424058794767895775830801365721355173229025146188154529118420773977113607634,book,bc749a24f1e7fedc645d54e3705e3d2e80573865,0x87bf623313e9b3d8f5dca836159c5f2c5c7378aeb58f1dd93a95f2b7d2bf2aa7,0.79,ask,519,1750212212579
65424058794767895775830801365721355173229025146188154529118420773977113607634,book,bc749a24f1e7fedc645d54e3705e3d2e80573865,0x87bf623313e9b3d8f5dca836159c5f2c5c7378aeb58f1dd93a95f2b7d2bf2aa7,0.78,ask,50,1750212212579
65424058794767895775830801365721355173229025146188154529118420773977113607634,book,bc749a24f1e7fedc645d54e3705e3d2e80573865,0x87bf623313e9b3d8f5dca836159c5f2c5c7378aeb58f1dd93a95f2b7d2bf2aa7,0.75,ask,30200,1750212212579
65424058794767895775830801365721355173229025146188154529118420773977113607634,book,bc749a24f1e7fedc645d54e3705e3d2e80573865,0x87bf623313e9b3d8f5dca836159c5f2c5c7378aeb58f1dd93a95f2b7d2bf2aa7,0.73,ask,24221.9,1750212212579
65424058794767895775830801365721355173229025146188154529118420773977113607634,book,bc749a24f1e7fedc645d54e3705e3d2e80573865,0x87bf623313e9b3d8f5dca836159c5f2c5c7378aeb58f1dd93a95f2b7d2bf2aa7,0.72,ask,1500,1750212212579
65424058794767895775830801365721355173229025146188154529118420773977113607634,book,bc749a24f1e7fedc645d54e3705e3d2e80573865,0x87bf623313e9b3d8f5dca836159c5f2c5c7378aeb58f1dd93a95f2b7d2bf2aa7,0.71,ask,1507,1750212212579
65424058794767895775830801365721355173229025146188154529118420773977113607634,book,bc749a24f1e7fedc645d54e3705e3d2e80573865,0x87bf623313e9b3d8f5dca836159c5f2c5c7378aeb58f1dd93a95f2b7d2bf2aa7,0.01,bid,1500,1750212212579
65424058794767895775830801365721355173229025146188154529118420773977113607634,book,bc749a24f1e7fedc645d54e3705e3d2e80573865,0x87bf623313e9b3d8f5dca836159c5f2c5c7378aeb58f1dd93a95f2b7d2bf2aa7,0.02,bid,1500,1750212212579
65424058794767895775830801365721355173229025146188154529118420773977113607634,book,bc749a24f1e7fedc645d54e3705e3d2e80573865,0x87bf623313e9b3d8f5dca836159c5f2c5c7378aeb58f1dd93a95f2b7d2bf2aa7,0.03,bid,350,1750212212579
65424058794767895775830801365721355173229025146188154529118420773977113607634,book,bc749a24f1e7fedc645d54e3705e3d2e80573865,0x87bf623313e9b3d8f5dca836159c5f2c5c7378aeb58f1dd93a95f2b7d2bf2aa7,0.04,bid,250,1750212212579
65424058794767895775830801365721355173229025146188154529118420773977113607634,book,bc749a24f1e7fedc645d54e3705e3d2e80573865,0x87bf623313e9b3d8f5dca836159c5f2c5c7378aeb58f1dd93a95f2b7d2bf2aa7,0.05,bid,150,1750212212579
65424058794767895775830801365721355173229025146188154529118420773977113607634,book,bc749a24f1e7fedc645d54e3705e3d2e80573865,0x87bf623313e9b3d8f5dca836159c5f2c5c7378aeb58f1dd93a95f2b7d2bf2aa7,0.06,bid,100,1750212212579
65424058794767895775830801365721355173229025146188154529118420773977113607634,book,bc749a24f1e7fedc645d54e3705e3d2e80573865,0x87bf623313e9b3d8f5dca836159c5f2c5c7378aeb58f1dd93a95f2b7d2bf2aa7,0.54,bid,13775,1750212212579
65424058794767895775830801365721355173229025146188154529118420773977113607634,book,bc749a24f1e7fedc645d54e3705e3d2e80573865,0x87bf623313e9b3d8f5dca836159c5f2c5c7378aeb58f1dd93a95f2b7d2bf2aa7,0.61,bid,23928,1750212212579
65424058794767895775830801365721355173229025146188154529118420773977113607634,book,bc749a24f1e7fedc645d54e3705e3d2e80573865,0x87bf623313e9b3d8f5dca836159c5f2c5c7378aeb58f1dd93a95f2b7d2bf2aa7,0.62,bid,150,1750212212579
65424058794767895775830801365721355173229025146188154529118420773977113607634,book,bc749a24f1e7fedc645d54e3705e3d2e80573865,0x87bf623313e9b3d8f5dca836159c5f2c5c7378aeb58f1dd93a95f2b7d2bf2aa7,0.63,bid,6283.5,1750212212579
65424058794767895775830801365721355173229025146188154529118420773977113607634,book,bc749a24f1e7fedc645d54e3705e3d2e80573865,0x87bf623313e9b3d8f5dca836159c5f2c5c7378aeb58f1dd93a95f2b7d2bf2aa7,0.64,bid,15140.29,1750212212579
65424058794767895775830801365721355173229025146188154529118420773977113607634,book,bc749a24f1e7fedc645d54e3705e3d2e80573865,0x87bf623313e9b3d8f5dca836159c5f2c5c7378aeb58f1dd93a95f2b7d2bf2aa7,0.65,bid,385,1750212212579
65424058794767895775830801365721355173229025146188154529118420773977113607634,book,bc749a24f1e7fedc645d54e3705e3d2e80573865,0x87bf623313e9b3d8f5dca836159c5f2c5c7378aeb58f1dd93a95f2b7d2bf2aa7,0.67,bid,1400,1750212212579
65424058794767895775830801365721355173229025146188154529118420773977113607634,book,bc749a24f1e7fedc645d54e3705e3d2e80573865,0x87bf623313e9b3d8f5dca836159c5f2c5c7378aeb58f1dd93a95f2b7d2bf2aa7,0.68,bid,2066.72,1750212212579
10703298184509502202740464237528733764769030979577941510093170241051283757018,price_change,0cdc81e3d0608e6b46b2ae19a73516d5ada3f923,0x87bf623313e9b3d8f5dca836159c5f2c5c7378aeb58f1dd93a95f2b7d2bf2aa7,0.38,ask,0,1750212229691
10703298184509502202740464237528733764769030979577941510093170241051283757018,price_change,0cdc81e3d0608e6b46b2ae19a73516d5ada3f923,0x87bf623313e9b3d8f5dca836159c5f2c5c7378aeb58f1dd93a95f2b7d2bf2aa7,0.37,ask,6333.5,1750212229691
65424058794767895775830801365721355173229025146188154529118420773977113607634,price_change,af18de0c0c5a0babaec3e100b426e10be11dfee2,0x87bf623313e9b3d8f5dca836159c5f2c5c7378aeb58f1dd93a95f2b7d2bf2aa7,0.62,bid,0,1750212229691
65424058794767895775830801365721355173229025146188154529118420773977113607634,price_change,af18de0c0c5a0babaec3e100b426e10be11dfee2,0x87bf623313e9b3d8f5dca836159c5f2c5c7378aeb58f1dd93a95f2b7d2bf2aa7,0.63,bid,6333.5,1750212229691
10703298184509502202740464237528733764769030979577941510093170241051283757018,price_change,eae4890e01c5966602422d1bb69ea33020e97cab,0x87bf623313e9b3d8f5dca836159c5f2c5c7378aeb58f1dd93a95f2b7d2bf2aa7,0.37,ask,6283.5,1750212230948
65424058794767895775830801365721355173229025146188154529118420773977113607634,price_change,2aa49f988366169c410cb82394df2c536411854b,0x87bf623313e9b3d8f5dca836159c5f2c5c7378aeb58f1dd93a95f2b7d2bf2aa7,0.63,bid,6283.5,1750212230948
10703298184509502202740464237528733764769030979577941510093170241051283757018,price_change,699e656995760600973eefd50f5d4be00bd66df4,0x87bf623313e9b3d8f5dca836159c5f2c5c7378aeb58f1dd93a95f2b7d2bf2aa7,0.36,ask,15190.29,1750212232081
10703298184509502202740464237528733764769030979577941510093170241051283757018,price_change,699e656995760600973eefd50f5d4be00bd66df4,0x87bf623313e9b3d8f5dca836159c5f2c5c7378aeb58f1dd93a95f2b7d2bf2aa7,0.27,bid,23721.9,1750212232081
10703298184509502202740464237528733764769030979577941510093170241051283757018,price_change,699e656995760600973eefd50f5d4be00bd66df4,0x87bf623313e9b3d8f5dca836159c5f2c5c7378aeb58f1dd93a95f2b7d2bf2aa7,0.32,ask,1066.72,1750212232081
10703298184509502202740464237528733764769030979577941510093170241051283757018,price_change,699e656995760600973eefd50f5d4be00bd66df4,0x87bf623313e9b3d8f5dca836159c5f2c5c7378aeb58f1dd93a95f2b7d2bf2aa7,0.28,bid,500,1750212232081
10703298184509502202740464237528733764769030979577941510093170241051283757018,price_change,699e656995760600973eefd50f5d4be00bd66df4,0x87bf623313e9b3d8f5dca836159c5f2c5c7378aeb58f1dd93a95f2b7d2bf2aa7,0.33,ask,400,1750212232081
65424058794767895775830801365721355173229025146188154529118420773977113607634,price_change,5c4c207d27133ddec0aa41206f7d825345719211,0x87bf623313e9b3d8f5dca836159c5f2c5c7378aeb58f1dd93a95f2b7d2bf2aa7,0.64,bid,15190.29,1750212232081
65424058794767895775830801365721355173229025146188154529118420773977113607634,price_change,5c4c207d27133ddec0aa41206f7d825345719211,0x87bf623313e9b3d8f5dca836159c5f2c5c7378aeb58f1dd93a95f2b7d2bf2aa7,0.73,ask,23721.9,1750212232081
65424058794767895775830801365721355173229025146188154529118420773977113607634,price_change,5c4c207d27133ddec0aa41206f7d825345719211,0x87bf623313e9b3d8f5dca836159c5f2c5c7378aeb58f1dd93a95f2b7d2bf2aa7,0.68,bid,1066.72,1750212232081
65424058794767895775830801365721355173229025146188154529118420773977113607634,price_change,5c4c207d27133ddec0aa41206f7d825345719211,0x87bf623313e9b3d8f5dca836159c5f2c5c7378aeb58f1dd93a95f2b7d2bf2aa7,0.72,ask,500,1750212232081
65424058794767895775830801365721355173229025146188154529118420773977113607634,price_change,5c4c207d27133ddec0aa41206f7d825345719211,0x87bf623313e9b3d8f5dca836159c5f2c5c7378aeb58f1dd93a95f2b7d2bf2aa7,0.67,bid,400,1750212232081
65424058794767895775830801365721355173229025146188154529118420773977113607634,price_change,b649b68d35005703372d35d249bf285414032d94,0x87bf623313e9b3d8f5dca836159c5f2c5c7378aeb58f1dd93a95f2b7d2bf2aa7,0.67,bid,0,1750212232573
10703298184509502202740464237528733764769030979577941510093170241051283757018,price_change,ffc9ee253a8a40ea8c5bd2af68e84259df5e726d,0x87bf623313e9b3d8f5dca836159c5f2c5c7378aeb58f1dd93a95f2b7d2bf2aa7,0.33,ask,0,1750212232573
10703298184509502202740464237528733764769030979577941510093170241051283757018,price_change,c642be7bcbc758d371ccbdf3e853ec7d6dd2d0cc,0x87bf623313e9b3d8f5dca836159c5f2c5c7378aeb58f1dd93a95f2b7d2bf2aa7,0.28,bid,100,1750212232734
65424058794767895775830801365721355173229025146188154529118420773977113607634,price_change,8df6b5e4257831dca4dec7c1f4a22b70a39159da,0x87bf623313e9b3d8f5dca836159c5f2c5c7378aeb58f1dd93a95f2b7d2bf2aa7,0.72,ask,100,1750212232734
10703298184509502202740464237528733764769030979577941510093170241051283757018,price_change,fa54dd27951fb68725a180ef89a6bcbd9ca33239,0x87bf623313e9b3d8f5dca836159c5f2c5c7378aeb58f1dd93a95f2b7d2bf2aa7,0.28,bid,1100,1750212234683
10703298184509502202740464237528733764769030979577941510093170241051283757018,price_change,fa54dd27951fb68725a180ef89a6bcbd9ca33239,0x87bf623313e9b3d8f5dca836159c5f2c5c7378aeb58f1dd93a95f2b7d2bf2aa7,0.27,bid,24221.9,1750212234683
10703298184509502202740464237528733764769030979577941510093170241051283757018,price_change,fa54dd27951fb68725a180ef89a6bcbd9ca33239,0x87bf623313e9b3d8f5dca836159c5f2c5c7378aeb58f1dd93a95f2b7d2bf2aa7,0.33,ask,1000,1750212234683
10703298184509502202740464237528733764769030979577941510093170241051283757018,price_change,fa54dd27951fb68725a180ef89a6bcbd9ca33239,0x87bf623313e9b3d8f5dca836159c5f2c5c7378aeb58f1dd93a95f2b7d2bf2aa7,0.32,ask,2066.72,1750212234683
65424058794767895775830801365721355173229025146188154529118420773977113607634,price_change,275441e09e176939d4924baa9c01c9b79b87aad1,0x87bf623313e9b3d8f5dca836159c5f2c5c7378aeb58f1dd93a95f2b7d2bf2aa7,0.72,ask,1100,1750212234683
65424058794767895775830801365721355173229025146188154529118420773977113607634,price_change,275441e09e176939d4924baa9c01c9b79b87aad1,0x87bf623313e9b3d8f5dca836159c5f2c5c7378aeb58f1dd93a95f2b7d2bf2aa7,0.73,ask,24221.9,1750212234683
65424058794767895775830801365721355173229025146188154529118420773977113607634,price_change,275441e09e176939d4924baa9c01c9b79b87aad1,0x87bf623313e9b3d8f5dca836159c5f2c5c7378aeb58f1dd93a95f2b7d2bf2aa7,0.67,bid,1000,1750212234683
65424058794767895775830801365721355173229025146188154529118420773977113607634,price_change,275441e09e176939d4924baa9c01c9b79b87aad1,0x87bf623313e9b3d8f5dca836159c5f2c5c7378aeb58f1dd93a95f2b7d2bf2aa7,0.68,bid,2066.72,1750212234683
65424058794767895775830801365721355173229025146188154529118420773977113607634,price_change,1e307baafac2dc3d1167f75c99e727e095fcc854,0x87bf623313e9b3d8f5dca836159c5f2c5c7378aeb58f1dd93a95f2b7d2bf2aa7,0.63,bid,6433.5,1750212235887
10703298184509502202740464237528733764769030979577941510093170241051283757018,price_change,453cd1744cd00f137cd016d9c17b01e0ba482ce1,0x87bf623313e9b3d8f5dca836159c5f2c5c7378aeb58f1dd93a95f2b7d2bf2aa7,0.37,ask,6433.5,1750212235887
10703298184509502202740464237528733764769030979577941510093170241051283757018,price_change,4c0df89f060cd3e399ab527445d0d0164f460561,0x87bf623313e9b3d8f5dca836159c5f2c5c7378aeb58f1dd93a95f2b7d2bf2aa7,0.37,ask,6283.5,1750212239483
65424058794767895775830801365721355173229025146188154529118420773977113607634,price_change,5a5b3e64585c6316b28ea26c22e87668979e73c9,0x87bf623313e9b3d8f5dca836159c5f2c5c7378aeb58f1dd93a95f2b7d2bf2aa7,0.63,bid,6283.5,1750212239483
65424058794767895775830801365721355173229025146188154529118420773977113607634,price_change,7c5c08a73d1b68e02c97056a3fdcdf70c6638e74,0x87bf623313e9b3d8f5dca836159c5f2c5c7378aeb58f1dd93a95f2b7d2bf2aa7,0.64,bid,15140.29,1750212239682
10703298184509502202740464237528733764769030979577941510093170241051283757018,price_change,38dc0bb06bdedefe6311f8019a6402d145f44e5b,0x87bf623313e9b3d8f5dca836159c5f2c5c7378aeb58f1dd93a95f2b7d2bf2aa7,0.36,ask,15140.29,1750212239682
65424058794767895775830801365721355173229025146188154529118420773977113607634,price_change,690090977302135a3edb9e825ab0c3e3416cb6e0,0x87bf623313e9b3d8f5dca836159c5f2c5c7378aeb58f1dd93a95f2b7d2bf2aa7,0.63,bid,6333.5,1750212241601
65424058794767895775830801365721355173229025146188154529118420773977113607634,price_change,690090977302135a3edb9e825ab0c3e3416cb6e0,0x87bf623313e9b3d8f5dca836159c5f2c5c7378aeb58f1dd93a95f2b7d2bf2aa7,0.73,ask,23721.9,1750212241601
65424058794767895775830801365721355173229025146188154529118420773977113607634,price_change,690090977302135a3edb9e825ab0c3e3416cb6e0,0x87bf623313e9b3d8f5dca836159c5f2c5c7378aeb58f1dd93a95f2b7d2bf2aa7,0.68,bid,1066.72,1750212241601
65424058794767895775830801365721355173229025146188154529118420773977113607634,price_change,690090977302135a3edb9e825ab0c3e3416cb6e0,0x87bf623313e9b3d8f5dca836159c5f2c5c7378aeb58f1dd93a95f2b7d2bf2aa7,0.67,bid,0,1750212241601
65424058794767895775830801365721355173229025146188154529118420773977113607634,price_change,690090977302135a3edb9e825ab0c3e3416cb6e0,0x87bf623313e9b3d8f5dca836159c5f2c5c7378aeb58f1dd93a95f2b7d2bf2aa7,0.72,ask,100,1750212241601
10703298184509502202740464237528733764769030979577941510093170241051283757018,price_change,1fb34c61c2ca5ceb73f7c670fbbfec48496e766d,0x87bf623313e9b3d8f5dca836159c5f2c5c7378aeb58f1dd93a95f2b7d2bf2aa7,0.37,ask,6333.5,1750212241601
10703298184509502202740464237528733764769030979577941510093170241051283757018,price_change,1fb34c61c2ca5ceb73f7c670fbbfec48496e766d,0x87bf623313e9b3d8f5dca836159c5f2c5c7378aeb58f1dd93a95f2b7d2bf2aa7,0.27,bid,23721.9,1750212241601
10703298184509502202740464237528733764769030979577941510093170241051283757018,price_change,1fb34c61c2ca5ceb73f7c670fbbfec48496e766d,0x87bf623313e9b3d8f5dca836159c5f2c5c7378aeb58f1dd93a95f2b7d2bf2aa7,0.32,ask,1066.72,1750212241601
10703298184509502202740464237528733764769030979577941510093170241051283757018,price_change,1fb34c61c2ca5ceb73f7c670fbbfec48496e766d,0x87bf623313e9b3d8f5dca836159c5f2c5c7378aeb58f1dd93a95f2b7d2bf2aa7,0.33,ask,0,1750212241601
10703298184509502202740464237528733764769030979577941510093170241051283757018,price_change,1fb34c61c2ca5ceb73f7c670fbbfec48496e766d,0x87bf623313e9b3d8f5dca836159c5f2c5c7378aeb58f1dd93a95f2b7d2bf2aa7,0.28,bid,100,1750212241601
65424058794767895775830801365721355173229025146188154529118420773977113607634,price_change,25890a7d65b4a26f5fd00ed8f865a7061917718e,0x87bf623313e9b3d8f5dca836159c5f2c5c7378aeb58f1dd93a95f2b7d2bf2aa7,0.73,ask,20814.5,1750212242283
65424058794767895775830801365721355173229025146188154529118420773977113607634,price_change,25890a7d65b4a26f5fd00ed8f865a7061917718e,0x87bf623313e9b3d8f5dca836159c5f2c5c7378aeb58f1dd93a95f2b7d2bf2aa7,0.64,bid,9173.11,1750212242283
10703298184509502202740464237528733764769030979577941510093170241051283757018,price_change,45774363c728363927d2e436986a321180a9f16b,0x87bf623313e9b3d8f5dca836159c5f2c5c7378aeb58f1dd93a95f2b7d2bf2aa7,0.27,bid,20814.5,1750212242283
10703298184509502202740464237528733764769030979577941510093170241051283757018,price_change,45774363c728363927d2e436986a321180a9f16b,0x87bf623313e9b3d8f5dca836159c5f2c5c7378aeb58f1dd93a95f2b7d2bf2aa7,0.36,ask,9173.11,1750212242283
10703298184509502202740464237528733764769030979577941510093170241051283757018,price_change,ad02e7761481a88cd2f617055d68b93f96848137,0x87bf623313e9b3d8f5dca836159c5f2c5c7378aeb58f1dd93a95f2b7d2bf2aa7,0.36,ask,15034.04,1750212242690
10703298184509502202740464237528733764769030979577941510093170241051283757018,price_change,ad02e7761481a88cd2f617055d68b93f96848137,0x87bf623313e9b3d8f5dca836159c5f2c5c7378aeb58f1dd93a95f2b7d2bf2aa7,0.27,bid,23721.9,1750212242690
65424058794767895775830801365721355173229025146188154529118420773977113607634,price_change,cfe29a7bb4ea12ceea1a905c01d20826f7956f3f,0x87bf623313e9b3d8f5dca836159c5f2c5c7378aeb58f1dd93a95f2b7d2bf2aa7,0.64,bid,15034.04,1750212242690
65424058794767895775830801365721355173229025146188154529118420773977113607634,price_change,cfe29a7bb4ea12ceea1a905c01d20826f7956f3f,0x87bf623313e9b3d8f5dca836159c5f2c5c7378aeb58f1dd93a95f2b7d2bf2aa7,0.73,ask,23721.9,1750212242690
65424058794767895775830801365721355173229025146188154529118420773977113607634,price_change,1cbaaaff4c1c44b3ff5937641424566828d73434,0x87bf623313e9b3d8f5dca836159c5f2c5c7378aeb58f1dd93a95f2b7d2bf2aa7,0.54,bid,0,1750212242762
65424058794767895775830801365721355173229025146188154529118420773977113607634,price_change,1cbaaaff4c1c44b3ff5937641424566828d73434,0x87bf623313e9b3d8f5dca836159c5f2c5c7378aeb58f1dd93a95f2b7d2bf2aa7,0.82,ask,0,1750212242762
65424058794767895775830801365721355173229025146188154529118420773977113607634,price_change,1cbaaaff4c1c44b3ff5937641424566828d73434,0x87bf623313e9b3d8f5dca836159c5f2c5c7378aeb58f1dd93a95f2b7d2bf2aa7,0.61,bid,0,1750212242762
65424058794767895775830801365721355173229025146188154529118420773977113607634,price_change,1cbaaaff4c1c44b3ff5937641424566828d73434,0x87bf623313e9b3d8f5dca836159c5f2c5c7378aeb58f1dd93a95f2b7d2bf2aa7,0.75,ask,0,1750212242762
10703298184509502202740464237528733764769030979577941510093170241051283757018,price_change,9a4029a58b32bfd82991ef861f15276ad02274b1,0x87bf623313e9b3d8f5dca836159c5f2c5c7378aeb58f1dd93a95f2b7d2bf2aa7,0.46,ask,0,1750212242762
10703298184509502202740464237528733764769030979577941510093170241051283757018,price_change,9a4029a58b32bfd82991ef861f15276ad02274b1,0x87bf623313e9b3d8f5dca836159c5f2c5c7378aeb58f1dd93a95f2b7d2bf2aa7,0.18,bid,0,1750212242762
10703298184509502202740464237528733764769030979577941510093170241051283757018,price_change,9a4029a58b32bfd82991ef861f15276ad02274b1,0x87bf623313e9b3d8f5dca836159c5f2c5c7378aeb58f1dd93a95f2b7d2bf2aa7,0.39,ask,0,1750212242762
10703298184509502202740464237528733764769030979577941510093170241051283757018,price_change,9a4029a58b32bfd82991ef861f15276ad02274b1,0x87bf623313e9b3d8f5dca836159c5f2c5c7378aeb58f1dd93a95f2b7d2bf2aa7,0.25,bid,0,1750212242762
10703298184509502202740464237528733764769030979577941510093170241051283757018,price_change,6fefd7e8d0e2f137a3f396d691d9cb93b61dbb61,0x87bf623313e9b3d8f5dca836159c5f2c5c7378aeb58f1dd93a95f2b7d2bf2aa7,0.38,ask,150,1750212243027
65424058794767895775830801365721355173229025146188154529118420773977113607634,price_change,6eb96a936bcda1652a8f3f385fce3ce5f64e8295,0x87bf623313e9b3d8f5dca836159c5f2c5c7378aeb58f1dd93a95f2b7d2bf2aa7,0.62,bid,150,1750212243027
10703298184509502202740464237528733764769030979577941510093170241051283757018,price_change,fe609e62078297f626c248b498c62b1af0c57a67,0x87bf623313e9b3d8f5dca836159c5f2c5c7378aeb58f1dd93a95f2b7d2bf2aa7,0.19,bid,22403,1750212243622
10703298184509502202740464237528733764769030979577941510093170241051283757018,price_change,fe609e62078297f626c248b498c62b1af0c57a67,0x87bf623313e9b3d8f5dca836159c5f2c5c7378aeb58f1dd93a95f2b7d2bf2aa7,0.47,ask,13755,1750212243622
10703298184509502202740464237528733764769030979577941510093170241051283757018,price_change,fe609e62078297f626c248b498c62b1af0c57a67,0x87bf623313e9b3d8f5dca836159c5f2c5c7378aeb58f1dd93a95f2b7d2bf2aa7,0.26,bid,29791,1750212243622
10703298184509502202740464237528733764769030979577941510093170241051283757018,price_change,fe609e62078297f626c248b498c62b1af0c57a67,0x87bf623313e9b3d8f5dca836159c5f2c5c7378aeb58f1dd93a95f2b7d2bf2aa7,0.38,ask,5964.5,1750212243622
10703298184509502202740464237528733764769030979577941510093170241051283757018,price_change,fe609e62078297f626c248b498c62b1af0c57a67,0x87bf623313e9b3d8f5dca836159c5f2c5c7378aeb58f1dd93a95f2b7d2bf2aa7,0.4,ask,23817,1750212243622
10703298184509502202740464237528733764769030979577941510093170241051283757018,price_change,fe609e62078297f626c248b498c62b1af0c57a67,0x87bf623313e9b3d8f5dca836159c5f2c5c7378aeb58f1dd93a95f2b7d2bf2aa7,0.36,ask,7222.04,1750212243622
10703298184509502202740464237528733764769030979577941510093170241051283757018,price_change,fe609e62078297f626c248b498c62b1af0c57a67,0x87bf623313e9b3d8f5dca836159c5f2c5c7378aeb58f1dd93a95f2b7d2bf2aa7,0.27,bid,8721.9,1750212243622
65424058794767895775830801365721355173229025146188154529118420773977113607634,price_change,1cdb2cf630caaa8f79163b6c6ab66d2813404817,0x87bf623313e9b3d8f5dca836159c5f2c5c7378aeb58f1dd93a95f2b7d2bf2aa7,0.81,ask,22403,1750212243622
65424058794767895775830801365721355173229025146188154529118420773977113607634,price_change,1cdb2cf630caaa8f79163b6c6ab66d2813404817,0x87bf623313e9b3d8f5dca836159c5f2c5c7378aeb58f1dd93a95f2b7d2bf2aa7,0.53,bid,13755,1750212243622
65424058794767895775830801365721355173229025146188154529118420773977113607634,price_change,1cdb2cf630caaa8f79163b6c6ab66d2813404817,0x87bf623313e9b3d8f5dca836159c5f2c5c7378aeb58f1dd93a95f2b7d2bf2aa7,0.74,ask,29791,1750212243622
65424058794767895775830801365721355173229025146188154529118420773977113607634,price_change,1cdb2cf630caaa8f79163b6c6ab66d2813404817,0x87bf623313e9b3d8f5dca836159c5f2c5c7378aeb58f1dd93a95f2b7d2bf2aa7,0.62,bid,5964.5,1750212243622
65424058794767895775830801365721355173229025146188154529118420773977113607634,price_change,1cdb2cf630caaa8f79163b6c6ab66d2813404817,0x87bf623313e9b3d8f5dca836159c5f2c5c7378aeb58f1dd93a95f2b7d2bf2aa7,0.6,bid,23817,1750212243622
65424058794767895775830801365721355173229025146188154529118420773977113607634,price_change,1cdb2cf630caaa8f79163b6c6ab66d2813404817,0x87bf623313e9b3d8f5dca836159c5f2c5c7378aeb58f1dd93a95f2b7d2bf2aa7,0.64,bid,7222.04,1750212243622
65424058794767895775830801365721355173229025146188154529118420773977113607634,price_change,1cdb2cf630caaa8f79163b6c6ab66d2813404817,0x87bf623313e9b3d8f5dca836159c5f2c5c7378aeb58f1dd93a95f2b7d2bf2aa7,0.73,ask,8721.9,1750212243622
10703298184509502202740464237528733764769030979577941510093170241051283757018,price_change,4a680de8cda2ec0fba0f637b649007265607685c,0x87bf623313e9b3d8f5dca836159c5f2c5c7378aeb58f1dd93a95f2b7d2bf2aa7,0.29,bid,645,1750212243668
65424058794767895775830801365721355173229025146188154529118420773977113607634,price_change,82139f055ee9c58d0bbde37b3a779c414a798b16,0x87bf623313e9b3d8f5dca836159c5f2c5c7378aeb58f1dd93a95f2b7d2bf2aa7,0.71,ask,645,1750212243668
65424058794767895775830801365721355173229025146188154529118420773977113607634,price_change,c1a7a1a8912e1c01cd5abbcb5386a9e58aa4a446,0x87bf623313e9b3d8f5dca836159c5f2c5c7378aeb58f1dd93a95f2b7d2bf2aa7,0.65,bid,8077,1750212243846
65424058794767895775830801365721355173229025146188154529118420773977113607634,price_change,c1a7a1a8912e1c01cd5abbcb5386a9e58aa4a446,0x87bf623313e9b3d8f5dca836159c5f2c5c7378aeb58f1dd93a95f2b7d2bf2aa7,0.64,bid,7205.65,1750212243846
65424058794767895775830801365721355173229025146188154529118420773977113607634,price_change,c1a7a1a8912e1c01cd5abbcb5386a9e58aa4a446,0x87bf623313e9b3d8f5dca836159c5f2c5c7378aeb58f1dd93a95f2b7d2bf2aa7,0.63,bid,519,1750212243846
10703298184509502202740464237528733764769030979577941510093170241051283757018,price_change,4b058b1d2cb11b83f4be7895a7676c80af288afd,0x87bf623313e9b3d8f5dca836159c5f2c5c7378aeb58f1dd93a95f2b7d2bf2aa7,0.35,ask,8077,1750212243846
10703298184509502202740464237528733764769030979577941510093170241051283757018,price_change,4b058b1d2cb11b83f4be7895a7676c80af288afd,0x87bf623313e9b3d8f5dca836159c5f2c5c7378aeb58f1dd93a95f2b7d2bf2aa7,0.36,ask,7205.65,1750212243846
10703298184509502202740464237528733764769030979577941510093170241051283757018,price_change,4b058b1d2cb11b83f4be7895a7676c80af288afd,0x87bf623313e9b3d8f5dca836159c5f2c5c7378aeb58f1dd93a95f2b7d2bf2aa7,0.37,ask,519,1750212243846
10703298184509502202740464237528733764769030979577941510093170241051283757018,price_change,1d4551a59b20f04682650ef1e17df56959055e4a,0x87bf623313e9b3d8f5dca836159c5f2c5c7378aeb58f1dd93a95f2b7d2bf2aa7,0.29,bid,15645,1750212243888
10703298184509502202740464237528733764769030979577941510093170241051283757018,price_change,1d4551a59b20f04682650ef1e17df56959055e4a,0x87bf623313e9b3d8f5dca836159c5f2c5c7378aeb58f1dd93a95f2b7d2bf2aa7,0.37,ask,535.39,1750212243888
65424058794767895775830801365721355173229025146188154529118420773977113607634,price_change,1e217862e6d83d3b4584e9ed5c06aeaadcd97441,0x87bf623313e9b3d8f5dca836159c5f2c5c7378aeb58f1dd93a95f2b7d2bf2aa7,0.71,ask,15645,1750212243888
65424058794767895775830801365721355173229025146188154529118420773977113607634,price_change,1e217862e6d83d3b4584e9ed5c06aeaadcd97441,0x87bf623313e9b3d8f5dca836159c5f2c5c7378aeb58f1dd93a95f2b7d2bf2aa7,0.63,bid,535.39,1750212243888
10703298184509502202740464237528733764769030979577941510093170241051283757018,price_change,6364c6428c63773525088e9dad4f70ae7ee698a6,0x87bf623313e9b3d8f5dca836159c5f2c5c7378aeb58f1dd93a95f2b7d2bf2aa7,0.32,ask,0,1750212244098
65424058794767895775830801365721355173229025146188154529118420773977113607634,price_change,7a3fc36971bce0b36408ac5378afdaa04169dece,0x87bf623313e9b3d8f5dca836159c5f2c5c7378aeb58f1dd93a95f2b7d2bf2aa7,0.68,bid,0,1750212244098
65424058794767895775830801365721355173229025146188154529118420773977113607634,price_change,7404a704c19797d63950b296114657642e334d75,0x87bf623313e9b3d8f5dca836159c5f2c5c7378aeb58f1dd93a95f2b7d2bf2aa7,0.62,bid,5814.5,1750212244328
65424058794767895775830801365721355173229025146188154529118420773977113607634,price_change,7404a704c19797d63950b296114657642e334d75,0x87bf623313e9b3d8f5dca836159c5f2c5c7378aeb58f1dd93a95f2b7d2bf2aa7,0.7,ask,833,1750212244328
65424058794767895775830801365721355173229025146188154529118420773977113607634,price_change,7404a704c19797d63950b296114657642e334d75,0x87bf623313e9b3d8f5dca836159c5f2c5c7378aeb58f1dd93a95f2b7d2bf2aa7,0.66,bid,100,1750212244328
10703298184509502202740464237528733764769030979577941510093170241051283757018,price_change,6b9eb5544b398537d5700fd6d321fbf932f18c11,0x87bf623313e9b3d8f5dca836159c5f2c5c7378aeb58f1dd93a95f2b7d2bf2aa7,0.38,ask,5814.5,1750212244328
10703298184509502202740464237528733764769030979577941510093170241051283757018,price_change,6b9eb5544b398537d5700fd6d321fbf932f18c11,0x87bf623313e9b3d8f5dca836159c5f2c5c7378aeb58f1dd93a95f2b7d2bf2aa7,0.3,bid,833,1750212244328
10703298184509502202740464237528733764769030979577941510093170241051283757018,price_change,6b9eb5544b398537d5700fd6d321fbf932f18c11,0x87bf623313e9b3d8f5dca836159c5f2c5c7378aeb58f1dd93a95f2b7d2bf2aa7,0.34,ask,100,1750212244328
10703298184509502202740464237528733764769030979577941510093170241051283757018,price_change,bff441b20038e0db6c1e229bcbb2934f2fe8a512,0x87bf623313e9b3d8f5dca836159c5f2c5c7378aeb58f1dd93a95f2b7d2bf2aa7,0.37,ask,485.39,1750212244461
10703298184509502202740464237528733764769030979577941510093170241051283757018,price_change,bff441b20038e0db6c1e229bcbb2934f2fe8a512,0x87bf623313e9b3d8f5dca836159c5f2c5c7378aeb58f1dd93a95f2b7d2bf2aa7,0.33,ask,500,1750212244461
10703298184509502202740464237528733764769030979577941510093170241051283757018,price_change,bff441b20038e0db6c1e229bcbb2934f2fe8a512,0x87bf623313e9b3d8f5dca836159c5f2c5c7378aeb58f1dd93a95f2b7d2bf2aa7,0.27,bid,9221.9,1750212244461
10703298184509502202740464237528733764769030979577941510093170241051283757018,price_change,bff441b20038e0db6c1e229bcbb2934f2fe8a512,0x87bf623313e9b3d8f5dca836159c5f2c5c7378aeb58f1dd93a95f2b7d2bf2aa7,0.32,ask,1000,1750212244461
10703298184509502202740464237528733764769030979577941510093170241051283757018,price_change,bff441b20038e0db6c1e229bcbb2934f2fe8a512,0x87bf623313e9b3d8f5dca836159c5f2c5c7378aeb58f1dd93a95f2b7d2bf2aa7,0.28,bid,1100,1750212244461
65424058794767895775830801365721355173229025146188154529118420773977113607634,price_change,bd9a720706b87165a5af0d6756cf43e687ca96ef,0x87bf623313e9b3d8f5dca836159c5f2c5c7378aeb58f1dd93a95f2b7d2bf2aa7,0.63,bid,485.39,1750212244461
65424058794767895775830801365721355173229025146188154529118420773977113607634,price_change,bd9a720706b87165a5af0d6756cf43e687ca96ef,0x87bf623313e9b3d8f5dca836159c5f2c5c7378aeb58f1dd93a95f2b7d2bf2aa7,0.67,bid,500,1750212244461
65424058794767895775830801365721355173229025146188154529118420773977113607634,price_change,bd9a720706b87165a5af0d6756cf43e687ca96ef,0x87bf623313e9b3d8f5dca836159c5f2c5c7378aeb58f1dd93a95f2b7d2bf2aa7,0.73,ask,9221.9,1750212244461
65424058794767895775830801365721355173229025146188154529118420773977113607634,price_change,bd9a720706b87165a5af0d6756cf43e687ca96ef,0x87bf623313e9b3d8f5dca836159c5f2c5c7378aeb58f1dd93a95f2b7d2bf2aa7,0.68,bid,1000,1750212244461
65424058794767895775830801365721355173229025146188154529118420773977113607634,price_change,bd9a720706b87165a5af0d6756cf43e687ca96ef,0x87bf623313e9b3d8f5dca836159c5f2c5c7378aeb58f1dd93a95f2b7d2bf2aa7,0.72,ask,1100,1750212244461
10703298184509502202740464237528733764769030979577941510093170241051283757018,price_change,13f0eaae67a6344deb0632144bc8eaec7b4296eb,0x87bf623313e9b3d8f5dca836159c5f2c5c7378aeb58f1dd93a95f2b7d2bf2aa7,0.33,ask,2066.72,1750212244500
65424058794767895775830801365721355173229025146188154529118420773977113607634,price_change,3895b452f3fa4b3b82f05a530fe9bf68c3c0a771,0x87bf623313e9b3d8f5dca836159c5f2c5c7378aeb58f1dd93a95f2b7d2bf2aa7,0.67,bid,2066.72,1750212244500
65424058794767895775830801365721355173229025146188154529118420773977113607634,price_change,7dec42207c64366395278c29646642ae153f4bd3,0x87bf623313e9b3d8f5dca836159c5f2c5c7378aeb58f1dd93a95f2b7d2bf2aa7,0.64,bid,7255.65,1750212244747
10703298184509502202740464237528733764769030979577941510093170241051283757018,price_change,3d11e8abe78b4cef5425fe025df773597574394e,0x87bf623313e9b3d8f5dca836159c5f2c5c7378aeb58f1dd93a95f2b7d2bf2aa7,0.36,ask,7255.65,1750212244747
10703298184509502202740464237528733764769030979577941510093170241051283757018,price_change,1f214dcf51a957f99efcc9eebc1dfd047ff26a20,0x87bf623313e9b3d8f5dca836159c5f2c5c7378aeb58f1dd93a95f2b7d2bf2aa7,0.34,ask,0,1750212245365
65424058794767895775830801365721355173229025146188154529118420773977113607634,price_change,62e74312c647612f52dc540dec57a59570fd6aa4,0x87bf623313e9b3d8f5dca836159c5f2c5c7378aeb58f1dd93a95f2b7d2bf2aa7,0.66,bid,0,1750212245365
65424058794767895775830801365721355173229025146188154529118420773977113607634,price_change,42338402505223778abd807ace3ac92901fbfc07,0x87bf623313e9b3d8f5dca836159c5f2c5c7378aeb58f1dd93a95f2b7d2bf2aa7,0.63,bid,635.39,1750212246214
10703298184509502202740464237528733764769030979577941510093170241051283757018,price_change,f9a8e9596040f2f052c55858603d8156b10adf9b,0x87bf623313e9b3d8f5dca836159c5f2c5c7378aeb58f1dd93a95f2b7d2bf2aa7,0.37,ask,635.39,1750212246214
65424058794767895775830801365721355173229025146188154529118420773977113607634,price_change,97f25adb04988ceb1e766f6374cd3b8b4fdad92d,0x87bf623313e9b3d8f5dca836159c5f2c5c7378aeb58f1dd93a95f2b7d2bf2aa7,0.64,bid,7205.65,1750212246380
10703298184509502202740464237528733764769030979577941510093170241051283757018,price_change,90d01c9bad6c3c1b9e9eb66e78ac786d12bf1fc0,0x87bf623313e9b3d8f5dca836159c5f2c5c7378aeb58f1dd93a95f2b7d2bf2aa7,0.36,ask,7205.65,1750212246380
65424058794767895775830801365721355173229025146188154529118420773977113607634,price_change,da51e6e27390f0c2a368ff06849a5bcf18eafb6d,0x87bf623313e9b3d8f5dca836159c5f2c5c7378aeb58f1dd93a95f2b7d2bf2aa7,0.63,bid,485.39,1750212247224
10703298184509502202740464237528733764769030979577941510093170241051283757018,price_change,1746cb1a87c8efa02cded1d64497eff5560fdbb6,0x87bf623313e9b3d8f5dca836159c5f2c5c7378aeb58f1dd93a95f2b7d2bf2aa7,0.37,ask,485.39,1750212247224
65424058794767895775830801365721355173229025146188154529118420773977113607634,price_change,a8a4d90b657e484225d258ebf2b55be140e8a44a,0x87bf623313e9b3d8f5dca836159c5f2c5c7378aeb58f1dd93a95f2b7d2bf2aa7,0.63,bid,535.39,1750212247618
10703298184509502202740464237528733764769030979577941510093170241051283757018,price_change,c3cb80777aedcebdc47ddbafa28f58d9b8da9ed5,0x87bf623313e9b3d8f5dca836159c5f2c5c7378aeb58f1dd93a95f2b7d2bf2aa7,0.37,ask,535.39,1750212247618
10703298184509502202740464237528733764769030979577941510093170241051283757018,price_change,d69834dfc6d94c2044dd52e8994b0d6096c07bfa,0x87bf623313e9b3d8f5dca836159c5f2c5c7378aeb58f1dd93a95f2b7d2bf2aa7,0.37,ask,485.39,1750212249414
65424058794767895775830801365721355173229025146188154529118420773977113607634,price_change,68d2cb6ab0a2d29ffb4413a7cf12f3640cf7533c,0x87bf623313e9b3d8f5dca836159c5f2c5c7378aeb58f1dd93a95f2b7d2bf2aa7,0.63,bid,485.39,1750212249414
65424058794767895775830801365721355173229025146188154529118420773977113607634,price_change,65cf3d57f1d52bd57c1ee3a9f5360245fb8d1c05,0x87bf623313e9b3d8f5dca836159c5f2c5c7378aeb58f1dd93a95f2b7d2bf2aa7,0.64,bid,7255.65,1750212256907
10703298184509502202740464237528733764769030979577941510093170241051283757018,price_change,8929ff2d2d1653c329d0d5b6578aae844f0d2ca0,0x87bf623313e9b3d8f5dca836159c5f2c5c7378aeb58f1dd93a95f2b7d2bf2aa7,0.36,ask,7255.65,1750212256907
65424058794767895775830801365721355173229025146188154529118420773977113607634,price_change,b264f9b058eea5a3b4ba044e0253808716761b99,0x87bf623313e9b3d8f5dca836159c5f2c5c7378aeb58f1dd93a95f2b7d2bf2aa7,0.73,ask,8721.9,1750212258833
65424058794767895775830801365721355173229025146188154529118420773977113607634,price_change,b264f9b058eea5a3b4ba044e0253808716761b99,0x87bf623313e9b3d8f5dca836159c5f2c5c7378aeb58f1dd93a95f2b7d2bf2aa7,0.72,ask,100,1750212258833
65424058794767895775830801365721355173229025146188154529118420773977113607634,price_change,b264f9b058eea5a3b4ba044e0253808716761b99,0x87bf623313e9b3d8f5dca836159c5f2c5c7378aeb58f1dd93a95f2b7d2bf2aa7,0.67,bid,1066.72,1750212258833
65424058794767895775830801365721355173229025146188154529118420773977113607634,price_change,b264f9b058eea5a3b4ba044e0253808716761b99,0x87bf623313e9b3d8f5dca836159c5f2c5c7378aeb58f1dd93a95f2b7d2bf2aa7,0.68,bid,0,1750212258833
10703298184509502202740464237528733764769030979577941510093170241051283757018,price_change,d8217581c8518602e0fee76c7fff61bd4d641e22,0x87bf623313e9b3d8f5dca836159c5f2c5c7378aeb58f1dd93a95f2b7d2bf2aa7,0.27,bid,8721.9,1750212258833
10703298184509502202740464237528733764769030979577941510093170241051283757018,price_change,d8217581c8518602e0fee76c7fff61bd4d641e22,0x87bf623313e9b3d8f5dca836159c5f2c5c7378aeb58f1dd93a95f2b7d2bf2aa7,0.28,bid,100,1750212258833
10703298184509502202740464237528733764769030979577941510093170241051283757018,price_change,d8217581c8518602e0fee76c7fff61bd4d641e22,0x87bf623313e9b3d8f5dca836159c5f2c5c7378aeb58f1dd93a95f2b7d2bf2aa7,0.33,ask,1066.72,1750212258833
10703298184509502202740464237528733764769030979577941510093170241051283757018,price_change,d8217581c8518602e0fee76c7fff61bd4d641e22,0x87bf623313e9b3d8f5dca836159c5f2c5c7378aeb58f1dd93a95f2b7d2bf2aa7,0.32,ask,0,1750212258833
65424058794767895775830801365721355173229025146188154529118420773977113607634,price_change,50545f39150c2c642c1ba0d4948e066b8cd07bb7,0x87bf623313e9b3d8f5dca836159c5f2c5c7378aeb58f1dd93a95f2b7d2bf2aa7,0.68,bid,40.8,1750212259027
10703298184509502202740464237528733764769030979577941510093170241051283757018,price_change,69c33a659cc1b8d1b256623f97067eacb248baf6,0x87bf623313e9b3d8f5dca836159c5f2c5c7378aeb58f1dd93a95f2b7d2bf2aa7,0.32,ask,40.8,1750212259027
10703298184509502202740464237528733764769030979577941510093170241051283757018,price_change,35c8216d7ad41206d8d9fc670c21bb1cff6818b3,0x87bf623313e9b3d8f5dca836159c5f2c5c7378aeb58f1dd93a95f2b7d2bf2aa7,0.22,bid,0,1750212259448
10703298184509502202740464237528733764769030979577941510093170241051283757018,price_change,35c8216d7ad41206d8d9fc670c21bb1cff6818b3,0x87bf623313e9b3d8f5dca836159c5f2c5c7378aeb58f1dd93a95f2b7d2bf2aa7,0.36,ask,1674.4,1750212259448
10703298184509502202740464237528733764769030979577941510093170241051283757018,price_change,35c8216d7ad41206d8d9fc670c21bb1cff6818b3,0x87bf623313e9b3d8f5dca836159c5f2c5c7378aeb58f1dd93a95f2b7d2bf2aa7,0.27,bid,5955.24,1750212259448
65424058794767895775830801365721355173229025146188154529118420773977113607634,price_change,d3f789fecd2e8dac8930f266fa40aa84d13083e3,0x87bf623313e9b3d8f5dca836159c5f2c5c7378aeb58f1dd93a95f2b7d2bf2aa7,0.78,ask,0,1750212259448
65424058794767895775830801365721355173229025146188154529118420773977113607634,price_change,d3f789fecd2e8dac8930f266fa40aa84d13083e3,0x87bf623313e9b3d8f5dca836159c5f2c5c7378aeb58f1dd93a95f2b7d2bf2aa7,0.64,bid,1674.4,1750212259448
65424058794767895775830801365721355173229025146188154529118420773977113607634,price_change,d3f789fecd2e8dac8930f266fa40aa84d13083e3,0x87bf623313e9b3d8f5dca836159c5f2c5c7378aeb58f1dd93a95f2b7d2bf2aa7,0.73,ask,5955.24,1750212259448
10703298184509502202740464237528733764769030979577941510093170241051283757018,price_change,0711e724313680123e0dbc4f3296302b527d3a32,0x87bf623313e9b3d8f5dca836159c5f2c5c7378aeb58f1dd93a95f2b7d2bf2aa7,0.29,bid,15000,1750212259532
10703298184509502202740464237528733764769030979577941510093170241051283757018,price_change,0711e724313680123e0dbc4f3296302b527d3a32,0x87bf623313e9b3d8f5dca836159c5f2c5c7378aeb58f1dd93a95f2b7d2bf2aa7,0.27,bid,5814.5,1750212259532
10703298184509502202740464237528733764769030979577941510093170241051283757018,price_change,0711e724313680123e0dbc4f3296302b527d3a32,0x87bf623313e9b3d8f5dca836159c5f2c5c7378aeb58f1dd93a95f2b7d2bf2aa7,0.36,ask,744.72,1750212259532
65424058794767895775830801365721355173229025146188154529118420773977113607634,price_change,b225dd5654fd7869d41a6ade1146e3e4049cc280,0x87bf623313e9b3d8f5dca836159c5f2c5c7378aeb58f1dd93a95f2b7d2bf2aa7,0.71,ask,15000,1750212259532
65424058794767895775830801365721355173229025146188154529118420773977113607634,price_change,b225dd5654fd7869d41a6ade1146e3e4049cc280,0x87bf623313e9b3d8f5dca836159c5f2c5c7378aeb58f1dd93a95f2b7d2bf2aa7,0.73,ask,5814.5,1750212259532
65424058794767895775830801365721355173229025146188154529118420773977113607634,price_change,b225dd5654fd7869d41a6ade1146e3e4049cc280,0x87bf623313e9b3d8f5dca836159c5f2c5c7378aeb58f1dd93a95f2b7d2bf2aa7,0.64,bid,744.72,1750212259532
65424058794767895775830801365721355173229025146188154529118420773977113607634,price_change,a4a4de68be75dc2d0e682a6f1e5273d7f1d655eb,0x87bf623313e9b3d8f5dca836159c5f2c5c7378aeb58f1dd93a95f2b7d2bf2aa7,0.79,ask,369,1750212259677
10703298184509502202740464237528733764769030979577941510093170241051283757018,price_change,e451d75eb8be5a97528fb65061a3e7d3b30223ce,0x87bf623313e9b3d8f5dca836159c5f2c5c7378aeb58f1dd93a95f2b7d2bf2aa7,0.21,bid,369,1750212259677
65424058794767895775830801365721355173229025146188154529118420773977113607634,price_change,f01be51010fc134cf38183e9c39ff412f801156a,0x87bf623313e9b3d8f5dca836159c5f2c5c7378aeb58f1dd93a95f2b7d2bf2aa7,0.73,ask,0,1750212259921
65424058794767895775830801365721355173229025146188154529118420773977113607634,price_change,f01be51010fc134cf38183e9c39ff412f801156a,0x87bf623313e9b3d8f5dca836159c5f2c5c7378aeb58f1dd93a95f2b7d2bf2aa7,0.63,bid,469,1750212259921
65424058794767895775830801365721355173229025146188154529118420773977113607634,price_change,f01be51010fc134cf38183e9c39ff412f801156a,0x87bf623313e9b3d8f5dca836159c5f2c5c7378aeb58f1dd93a95f2b7d2bf2aa7,0.62,bid,0,1750212259921
10703298184509502202740464237528733764769030979577941510093170241051283757018,price_change,f74c234645e23fb2ac00a19a1a3efd355ee91bca,0x87bf623313e9b3d8f5dca836159c5f2c5c7378aeb58f1dd93a95f2b7d2bf2aa7,0.27,bid,0,1750212259921
10703298184509502202740464237528733764769030979577941510093170241051283757018,price_change,f74c234645e23fb2ac00a19a1a3efd355ee91bca,0x87bf623313e9b3d8f5dca836159c5f2c5c7378aeb58f1dd93a95f2b7d2bf2aa7,0.37,ask,469,1750212259921
10703298184509502202740464237528733764769030979577941510093170241051283757018,price_change,f74c234645e23fb2ac00a19a1a3efd355ee91bca,0x87bf623313e9b3d8f5dca836159c5f2c5c7378aeb58f1dd93a95f2b7d2bf2aa7,0.38,ask,0,1750212259921
10703298184509502202740464237528733764769030979577941510093170241051283757018,price_change,238ae583228073178237f940f12097efc2cbcc38,0x87bf623313e9b3d8f5dca836159c5f2c5c7378aeb58f1dd93a95f2b7d2bf2aa7,0.37,ask,619,1750212260367
10703298184509502202740464237528733764769030979577941510093170241051283757018,price_change,238ae583228073178237f940f12097efc2cbcc38,0x87bf623313e9b3d8f5dca836159c5f2c5c7378aeb58f1dd93a95f2b7d2bf2aa7,0.47,ask,0,1750212260367
65424058794767895775830801365721355173229025146188154529118420773977113607634,price_change,b70943dbb3d170139ebc10e2fc18a30f1dda048d,0x87bf623313e9b3d8f5dca836159c5f2c5c7378aeb58f1dd93a95f2b7d2bf2aa7,0.63,bid,619,1750212260367
65424058794767895775830801365721355173229025146188154529118420773977113607634,price_change,b70943dbb3d170139ebc10e2fc18a30f1dda048d,0x87bf623313e9b3d8f5dca836159c5f2c5c7378aeb58f1dd93a95f2b7d2bf2aa7,0.53,bid,0,1750212260367
65424058794767895775830801365721355173229025146188154529118420773977113607634,price_change,e97f2464e8248ed24addcf92cc368ae03753953b,0x87bf623313e9b3d8f5dca836159c5f2c5c7378aeb58f1dd93a95f2b7d2bf2aa7,0.6,bid,0,1750212260404
65424058794767895775830801365721355173229025146188154529118420773977113607634,price_change,e97f2464e8248ed24addcf92cc368ae03753953b,0x87bf623313e9b3d8f5dca836159c5f2c5c7378aeb58f1dd93a95f2b7d2bf2aa7,0.81,ask,0,1750212260404
65424058794767895775830801365721355173229025146188154529118420773977113607634,price_change,e97f2464e8248ed24addcf92cc368ae03753953b,0x87bf623313e9b3d8f5dca836159c5f2c5c7378aeb58f1dd93a95f2b7d2bf2aa7,0.74,ask,0,1750212260404
10703298184509502202740464237528733764769030979577941510093170241051283757018,price_change,fbea1f913f0254b9375d70d021c31f39b45f5519,0x87bf623313e9b3d8f5dca836159c5f2c5c7378aeb58f1dd93a95f2b7d2bf2aa7,0.4,ask,0,1750212260404
10703298184509502202740464237528733764769030979577941510093170241051283757018,price_change,fbea1f913f0254b9375d70d021c31f39b45f5519,0x87bf623313e9b3d8f5dca836159c5f2c5c7378aeb58f1dd93a95f2b7d2bf2aa7,0.19,bid,0,1750212260404
10703298184509502202740464237528733764769030979577941510093170241051283757018,price_change,fbea1f913f0254b9375d70d021c31f39b45f5519,0x87bf623313e9b3d8f5dca836159c5f2c5c7378aeb58f1dd93a95f2b7d2bf2aa7,0.26,bid,0,1750212260404
10703298184509502202740464237528733764769030979577941510093170241051283757018,price_change,0217b098aaf9b2cc4defed2f92fcec490d1dd3fd,0x87bf623313e9b3d8f5dca836159c5f2c5c7378aeb58f1dd93a95f2b7d2bf2aa7,0.36,ask,50,1750212260586
65424058794767895775830801365721355173229025146188154529118420773977113607634,price_change,30cbe978ba37103072e004cda775874c6e95a317,0x87bf623313e9b3d8f5dca836159c5f2c5c7378aeb58f1dd93a95f2b7d2bf2aa7,0.64,bid,50,1750212260586
65424058794767895775830801365721355173229025146188154529118420773977113607634,price_change,e9659512fdf1d0c3bf0e54b2652ebcdc75254264,0x87bf623313e9b3d8f5dca836159c5f2c5c7378aeb58f1dd93a95f2b7d2bf2aa7,0.71,ask,0,1750212261168
65424058794767895775830801365721355173229025146188154529118420773977113607634,price_change,e9659512fdf1d0c3bf0e54b2652ebcdc75254264,0x87bf623313e9b3d8f5dca836159c5f2c5c7378aeb58f1dd93a95f2b7d2bf2aa7,0.7,ask,0,1750212261168
65424058794767895775830801365721355173229025146188154529118420773977113607634,price_change,e9659512fdf1d0c3bf0e54b2652ebcdc75254264,0x87bf623313e9b3d8f5dca836159c5f2c5c7378aeb58f1dd93a95f2b7d2bf2aa7,0.67,bid,0,1750212261168
65424058794767895775830801365721355173229025146188154529118420773977113607634,price_change,e9659512fdf1d0c3bf0e54b2652ebcdc75254264,0x87bf623313e9b3d8f5dca836159c5f2c5c7378aeb58f1dd93a95f2b7d2bf2aa7,0.65,bid,0,1750212261168
10703298184509502202740464237528733764769030979577941510093170241051283757018,price_change,6a300bc9deb13067cfb90a8cf1e2a77854881c53,0x87bf623313e9b3d8f5dca836159c5f2c5c7378aeb58f1dd93a95f2b7d2bf2aa7,0.29,bid,0,1750212261168
10703298184509502202740464237528733764769030979577941510093170241051283757018,price_change,6a300bc9deb13067cfb90a8cf1e2a77854881c53,0x87bf623313e9b3d8f5dca836159c5f2c5c7378aeb58f1dd93a95f2b7d2bf2aa7,0.3,bid,0,1750212261168
10703298184509502202740464237528733764769030979577941510093170241051283757018,price_change,6a300bc9deb13067cfb90a8cf1e2a77854881c53,0x87bf623313e9b3d8f5dca836159c5f2c5c7378aeb58f1dd93a95f2b7d2bf2aa7,0.33,ask,0,1750212261168
10703298184509502202740464237528733764769030979577941510093170241051283757018,price_change,6a300bc9deb13067cfb90a8cf1e2a77854881c53,0x87bf623313e9b3d8f5dca836159c5f2c5c7378aeb58f1dd93a95f2b7d2bf2aa7,0.35,ask,0,1750212261168
10703298184509502202740464237528733764769030979577941510093170241051283757018,price_change,e906a20397232adf9a5589e7b7b683e4363af7ca,0x87bf623313e9b3d8f5dca836159c5f2c5c7378aeb58f1dd93a95f2b7d2bf2aa7,0.32,ask,0,1750212261578
65424058794767895775830801365721355173229025146188154529118420773977113607634,price_change,24110a6a3461db068b020dde9ab57ea8f5684a61,0x87bf623313e9b3d8f5dca836159c5f2c5c7378aeb58f1dd93a95f2b7d2bf2aa7,0.68,bid,0,1750212261578
65424058794767895775830801365721355173229025146188154529118420773977113607634,price_change,568c91ea878e7da3e5ef5747cc8a81d95de051f2,0x87bf623313e9b3d8f5dca836159c5f2c5c7378aeb58f1dd93a95f2b7d2bf2aa7,0.63,bid,519,1750212263749
65424058794767895775830801365721355173229025146188154529118420773977113607634,price_change,568c91ea878e7da3e5ef5747cc8a81d95de051f2,0x87bf623313e9b3d8f5dca836159c5f2c5c7378aeb58f1dd93a95f2b7d2bf2aa7,0.72,ask,0,1750212263749
10703298184509502202740464237528733764769030979577941510093170241051283757018,price_change,8bb4e62a1b5dd3130857897c0ad707fe986f5dbe,0x87bf623313e9b3d8f5dca836159c5f2c5c7378aeb58f1dd93a95f2b7d2bf2aa7,0.37,ask,519,1750212263749
10703298184509502202740464237528733764769030979577941510093170241051283757018,price_change,8bb4e62a1b5dd3130857897c0ad707fe986f5dbe,0x87bf623313e9b3d8f5dca836159c5f2c5c7378aeb58f1dd93a95f2b7d2bf2aa7,0.28,bid,0,1750212263749
10703298184509502202740464237528733764769030979577941510093170241051283757018,price_change,7f7c7c0a7226d53facfffdbe8726c64f7304f253,0x87bf623313e9b3d8f5dca836159c5f2c5c7378aeb58f1dd93a95f2b7d2bf2aa7,0.22,bid,50,1750212264799
65424058794767895775830801365721355173229025146188154529118420773977113607634,price_change,6311db2cb6a6d60977d97cc4ba02a6ff2a2275bc,0x87bf623313e9b3d8f5dca836159c5f2c5c7378aeb58f1dd93a95f2b7d2bf2aa7,0.78,ask,50,1750212264799
65424058794767895775830801365721355173229025146188154529118420773977113607634,price_change,9436408f868f31d3cd5dd874a7d7acc5686c348b,0x87bf623313e9b3d8f5dca836159c5f2c5c7378aeb58f1dd93a95f2b7d2bf2aa7,0.8,ask,150,1750212266189
10703298184509502202740464237528733764769030979577941510093170241051283757018,price_change,9eed2cb6112e3d4d5e4f9b257be628ef139fa3e3,0x87bf623313e9b3d8f5dca836159c5f2c5c7378aeb58f1dd93a95f2b7d2bf2aa7,0.2,bid,150,1750212266189
65424058794767895775830801365721355173229025146188154529118420773977113607634,price_change,468f008abaeab5326615ea812aa8173f7c838c61,0x87bf623313e9b3d8f5dca836159c5f2c5c7378aeb58f1dd93a95f2b7d2bf2aa7,0.63,bid,369,1750212266467
10703298184509502202740464237528733764769030979577941510093170241051283757018,price_change,f277f966e8444a04e18ceeb518dce12d7b2b4a15,0x87bf623313e9b3d8f5dca836159c5f2c5c7378aeb58f1dd93a95f2b7d2bf2aa7,0.37,ask,369,1750212266467
10703298184509502202740464237528733764769030979577941510093170241051283757018,price_change,51917c5c01ec78ebd13dab6c789e04fcbe780f6a,0x87bf623313e9b3d8f5dca836159c5f2c5c7378aeb58f1dd93a95f2b7d2bf2aa7,0.35,ask,6280,1750212267090
65424058794767895775830801365721355173229025146188154529118420773977113607634,price_change,0ddc5ebd75c20e1f406f48d9455ecf9f11d7dee6,0x87bf623313e9b3d8f5dca836159c5f2c5c7378aeb58f1dd93a95f2b7d2bf2aa7,0.65,bid,6280,1750212267090
10703298184509502202740464237528733764769030979577941510093170241051283757018,price_change,49217e5e981aa05701ec5186216964b7627a8eb8,0x87bf623313e9b3d8f5dca836159c5f2c5c7378aeb58f1dd93a95f2b7d2bf2aa7,0.35,ask,6595.38,1750212267180
10703298184509502202740464237528733764769030979577941510093170241051283757018,price_change,49217e5e981aa05701ec5186216964b7627a8eb8,0x87bf623313e9b3d8f5dca836159c5f2c5c7378aeb58f1dd93a95f2b7d2bf2aa7,0.23,bid,3556.51,1750212267180
65424058794767895775830801365721355173229025146188154529118420773977113607634,price_change,234f61a626f1d978880d05b553ad58452f077c9d,0x87bf623313e9b3d8f5dca836159c5f2c5c7378aeb58f1dd93a95f2b7d2bf2aa7,0.65,bid,6595.38,1750212267180
65424058794767895775830801365721355173229025146188154529118420773977113607634,price_change,234f61a626f1d978880d05b553ad58452f077c9d,0x87bf623313e9b3d8f5dca836159c5f2c5c7378aeb58f1dd93a95f2b7d2bf2aa7,0.77,ask,3556.51,1750212267180
65424058794767895775830801365721355173229025146188154529118420773977113607634,price_change,53a79a44c8aaefe6ebac2f03ea21fd7c2f962027,0x87bf623313e9b3d8f5dca836159c5f2c5c7378aeb58f1dd93a95f2b7d2bf2aa7,0.66,bid,650,1750212267374
65424058794767895775830801365721355173229025146188154529118420773977113607634,price_change,53a79a44c8aaefe6ebac2f03ea21fd7c2f962027,0x87bf623313e9b3d8f5dca836159c5f2c5c7378aeb58f1dd93a95f2b7d2bf2aa7,0.74,ask,650,1750212267374
10703298184509502202740464237528733764769030979577941510093170241051283757018,price_change,0efd497332f1c2e3806dc358d3cb9abfbd979312,0x87bf623313e9b3d8f5dca836159c5f2c5c7378aeb58f1dd93a95f2b7d2bf2aa7,0.34,ask,650,1750212267374
10703298184509502202740464237528733764769030979577941510093170241051283757018,price_change,0efd497332f1c2e3806dc358d3cb9abfbd979312,0x87bf623313e9b3d8f5dca836159c5f2c5c7378aeb58f1dd93a95f2b7d2bf2aa7,0.26,bid,650,1750212267374
10703298184509502202740464237528733764769030979577941510093170241051283757018,price_change,8d7dbed7ca93b08314831e6c016aba758da145ce,0x87bf623313e9b3d8f5dca836159c5f2c5c7378aeb58f1dd93a95f2b7d2bf2aa7,0.27,bid,100,1750212267607
10703298184509502202740464237528733764769030979577941510093170241051283757018,price_change,8d7dbed7ca93b08314831e6c016aba758da145ce,0x87bf623313e9b3d8f5dca836159c5f2c5c7378aeb58f1dd93a95f2b7d2bf2aa7,0.33,ask,90.8,1750212267607
65424058794767895775830801365721355173229025146188154529118420773977113607634,price_change,330c40932fff526d932b7410bcab0d6d78a48664,0x87bf623313e9b3d8f5dca836159c5f2c5c7378aeb58f1dd93a95f2b7d2bf2aa7,0.73,ask,100,1750212267607
65424058794767895775830801365721355173229025146188154529118420773977113607634,price_change,330c40932fff526d932b7410bcab0d6d78a48664,0x87bf623313e9b3d8f5dca836159c5f2c5c7378aeb58f1dd93a95f2b7d2bf2aa7,0.67,bid,90.8,1750212267607
65424058794767895775830801365721355173229025146188154529118420773977113607634,price_change,bcb239ab8e06cb6eb1dd090b4b07f1194c399994,0x87bf623313e9b3d8f5dca836159c5f2c5c7378aeb58f1dd93a95f2b7d2bf2aa7,0.63,bid,519,1750212267767
65424058794767895775830801365721355173229025146188154529118420773977113607634,price_change,bcb239ab8e06cb6eb1dd090b4b07f1194c399994,0x87bf623313e9b3d8f5dca836159c5f2c5c7378aeb58f1dd93a95f2b7d2bf2aa7,0.75,ask,5814.5,1750212267767
65424058794767895775830801365721355173229025146188154529118420773977113607634,price_change,bcb239ab8e06cb6eb1dd090b4b07f1194c399994,0x87bf623313e9b3d8f5dca836159c5f2c5c7378aeb58f1dd93a95f2b7d2bf2aa7,0.65,bid,12409.88,1750212267767
10703298184509502202740464237528733764769030979577941510093170241051283757018,price_change,e7c368dfc2d405c40b9131438f6ba9562d83dc23,0x87bf623313e9b3d8f5dca836159c5f2c5c7378aeb58f1dd93a95f2b7d2bf2aa7,0.37,ask,519,1750212267767
10703298184509502202740464237528733764769030979577941510093170241051283757018,price_change,e7c368dfc2d405c40b9131438f6ba9562d83dc23,0x87bf623313e9b3d8f5dca836159c5f2c5c7378aeb58f1dd93a95f2b7d2bf2aa7,0.25,bid,5814.5,1750212267767
10703298184509502202740464237528733764769030979577941510093170241051283757018,price_change,e7c368dfc2d405c40b9131438f6ba9562d83dc23,0x87bf623313e9b3d8f5dca836159c5f2c5c7378aeb58f1dd93a95f2b7d2bf2aa7,0.35,ask,12409.88,1750212267767
10703298184509502202740464237528733764769030979577941510093170241051283757018,price_change,aeda133e3e34ff57329a7d6ff0cf77db82250b6f,0x87bf623313e9b3d8f5dca836159c5f2c5c7378aeb58f1dd93a95f2b7d2bf2aa7,0.34,ask,666.39,1750212267805
65424058794767895775830801365721355173229025146188154529118420773977113607634,price_change,10467bcab3a608580631328c9b2beb295c20774f,0x87bf623313e9b3d8f5dca836159c5f2c5c7378aeb58f1dd93a95f2b7d2bf2aa7,0.66,bid,666.39,1750212267805
10703298184509502202740464237528733764769030979577941510093170241051283757018,price_change,2f22a65d51304c5bb2ac7556262ebee1bf2d7d4b,0x87bf623313e9b3d8f5dca836159c5f2c5c7378aeb58f1dd93a95f2b7d2bf2aa7,0.33,ask,785.52,1750212267929
65424058794767895775830801365721355173229025146188154529118420773977113607634,price_change,417ed6563a63379c68080eb90134be659d17a213,0x87bf623313e9b3d8f5dca836159c5f2c5c7378aeb58f1dd93a95f2b7d2bf2aa7,0.67,bid,785.52,1750212267929
10703298184509502202740464237528733764769030979577941510093170241051283757018,price_change,ce3017a140f784041a37f23271e261d4dbf11f45,0x87bf623313e9b3d8f5dca836159c5f2c5c7378aeb58f1dd93a95f2b7d2bf2aa7,0.23,bid,35812.51,1750212268020
10703298184509502202740464237528733764769030979577941510093170241051283757018,price_change,ce3017a140f784041a37f23271e261d4dbf11f45,0x87bf623313e9b3d8f5dca836159c5f2c5c7378aeb58f1dd93a95f2b7d2bf2aa7,0.16,bid,25515,1750212268020
10703298184509502202740464237528733764769030979577941510093170241051283757018,price_change,ce3017a140f784041a37f23271e261d4dbf11f45,0x87bf623313e9b3d8f5dca836159c5f2c5c7378aeb58f1dd93a95f2b7d2bf2aa7,0.37,ask,25014,1750212268020
65424058794767895775830801365721355173229025146188154529118420773977113607634,price_change,9350219449e0510d866b16895af1ec1d40e9da01,0x87bf623313e9b3d8f5dca836159c5f2c5c7378aeb58f1dd93a95f2b7d2bf2aa7,0.77,ask,35812.51,1750212268020
65424058794767895775830801365721355173229025146188154529118420773977113607634,price_change,9350219449e0510d866b16895af1ec1d40e9da01,0x87bf623313e9b3d8f5dca836159c5f2c5c7378aeb58f1dd93a95f2b7d2bf2aa7,0.84,ask,25515,1750212268020
65424058794767895775830801365721355173229025146188154529118420773977113607634,price_change,9350219449e0510d866b16895af1ec1d40e9da01,0x87bf623313e9b3d8f5dca836159c5f2c5c7378aeb58f1dd93a95f2b7d2bf2aa7,0.63,bid,25014,1750212268020
65424058794767895775830801365721355173229025146188154529118420773977113607634,price_change,1f364e91228c70eac9152a51e43ca7b4051b88ed,0x87bf623313e9b3d8f5dca836159c5f2c5c7378aeb58f1dd93a95f2b7d2bf2aa7,0.56,bid,13902,1750212268384
10703298184509502202740464237528733764769030979577941510093170241051283757018,price_change,332127db05676419c53dbbf53dee1b73e33b7ab3,0x87bf623313e9b3d8f5dca836159c5f2c5c7378aeb58f1dd93a95f2b7d2bf2aa7,0.44,ask,13902,1750212268384
10703298184509502202740464237528733764769030979577941510093170241051283757018,price_change,da97714db3119b24a4a59c45f98e41b5430731ac,0x87bf623313e9b3d8f5dca836159c5f2c5c7378aeb58f1dd93a95f2b7d2bf2aa7,0.35,ask,6129.88,1750212268489
10703298184509502202740464237528733764769030979577941510093170241051283757018,price_change,da97714db3119b24a4a59c45f98e41b5430731ac,0x87bf623313e9b3d8f5dca836159c5f2c5c7378aeb58f1dd93a95f2b7d2bf2aa7,0.23,bid,32425.56,1750212268489
65424058794767895775830801365721355173229025146188154529118420773977113607634,price_change,2224e5c0506f678d4990aacc5e0a2d84c8cae437,0x87bf623313e9b3d8f5dca836159c5f2c5c7378aeb58f1dd93a95f2b7d2bf2aa7,0.65,bid,6129.88,1750212268489
65424058794767895775830801365721355173229025146188154529118420773977113607634,price_change,2224e5c0506f678d4990aacc5e0a2d84c8cae437,0x87bf623313e9b3d8f5dca836159c5f2c5c7378aeb58f1dd93a95f2b7d2bf2aa7,0.77,ask,32425.56,1750212268489
10703298184509502202740464237528733764769030979577941510093170241051283757018,price_change,73776e12e67b6d8e70d39e40b2d132e43d44a299,0x87bf623313e9b3d8f5dca836159c5f2c5c7378aeb58f1dd93a95f2b7d2bf2aa7,0.35,ask,5814.5,1750212268535
10703298184509502202740464237528733764769030979577941510093170241051283757018,price_change,73776e12e67b6d8e70d39e40b2d132e43d44a299,0x87bf623313e9b3d8f5dca836159c5f2c5c7378aeb58f1dd93a95f2b7d2bf2aa7,0.23,bid,32256,1750212268535
65424058794767895775830801365721355173229025146188154529118420773977113607634,price_change,28c0ae41c6ea043b4f6c408155245106f00e625f,0x87bf623313e9b3d8f5dca836159c5f2c5c7378aeb58f1dd93a95f2b7d2bf2aa7,0.65,bid,5814.5,1750212268535
65424058794767895775830801365721355173229025146188154529118420773977113607634,price_change,28c0ae41c6ea043b4f6c408155245106f00e625f,0x87bf623313e9b3d8f5dca836159c5f2c5c7378aeb58f1dd93a95f2b7d2bf2aa7,0.77,ask,32256,1750212268535
65424058794767895775830801365721355173229025146188154529118420773977113607634,price_change,3e0bc5b17b9044082a8b009f084c095c4621e297,0x87bf623313e9b3d8f5dca836159c5f2c5c7378aeb58f1dd93a95f2b7d2bf2aa7,0.74,ask,20650,1750212268625
65424058794767895775830801365721355173229025146188154529118420773977113607634,price_change,3e0bc5b17b9044082a8b009f084c095c4621e297,0x87bf623313e9b3d8f5dca836159c5f2c5c7378aeb58f1dd93a95f2b7d2bf2aa7,0.65,bid,25814.5,1750212268625
10703298184509502202740464237528733764769030979577941510093170241051283757018,price_change,c42fb7b3e12e26df90541c7a9693e6910d94d8fe,0x87bf623313e9b3d8f5dca836159c5f2c5c7378aeb58f1dd93a95f2b7d2bf2aa7,0.26,bid,20650,1750212268625
10703298184509502202740464237528733764769030979577941510093170241051283757018,price_change,c42fb7b3e12e26df90541c7a9693e6910d94d8fe,0x87bf623313e9b3d8f5dca836159c5f2c5c7378aeb58f1dd93a95f2b7d2bf2aa7,0.35,ask,25814.5,1750212268625
10703298184509502202740464237528733764769030979577941510093170241051283757018,price_change,a49c1ccc5bd2a63b20a0f73fea247748b765ccee,0x87bf623313e9b3d8f5dca836159c5f2c5c7378aeb58f1dd93a95f2b7d2bf2aa7,0.28,bid,2782.14,1750212268771
10703298184509502202740464237528733764769030979577941510093170241051283757018,price_change,a49c1ccc5bd2a63b20a0f73fea247748b765ccee,0x87bf623313e9b3d8f5dca836159c5f2c5c7378aeb58f1dd93a95f2b7d2bf2aa7,0.33,ask,14467.92,1750212268771
10703298184509502202740464237528733764769030979577941510093170241051283757018,price_change,a49c1ccc5bd2a63b20a0f73fea247748b765ccee,0x87bf623313e9b3d8f5dca836159c5f2c5c7378aeb58f1dd93a95f2b7d2bf2aa7,0.26,bid,35650,1750212268771
65424058794767895775830801365721355173229025146188154529118420773977113607634,price_change,9c87340d2f14f1218bf0ba24a394ea5d2dc36a70,0x87bf623313e9b3d8f5dca836159c5f2c5c7378aeb58f1dd93a95f2b7d2bf2aa7,0.72,ask,2782.14,1750212268771
65424058794767895775830801365721355173229025146188154529118420773977113607634,price_change,9c87340d2f14f1218bf0ba24a394ea5d2dc36a70,0x87bf623313e9b3d8f5dca836159c5f2c5c7378aeb58f1dd93a95f2b7d2bf2aa7,0.67,bid,14467.92,1750212268771
65424058794767895775830801365721355173229025146188154529118420773977113607634,price_change,9c87340d2f14f1218bf0ba24a394ea5d2dc36a70,0x87bf623313e9b3d8f5dca836159c5f2c5c7378aeb58f1dd93a95f2b7d2bf2aa7,0.74,ask,35650,1750212268771
10703298184509502202740464237528733764769030979577941510093170241051283757018,price_change,e0279f384b5c30c7a1d9318ac5bd4ddb6d761a9f,0x87bf623313e9b3d8f5dca836159c5f2c5c7378aeb58f1dd93a95f2b7d2bf2aa7,0.33,ask,15152.86,1750212269094
10703298184509502202740464237528733764769030979577941510093170241051283757018,price_change,e0279f384b5c30c7a1d9318ac5bd4ddb6d761a9f,0x87bf623313e9b3d8f5dca836159c5f2c5c7378aeb58f1dd93a95f2b7d2bf2aa7,0.29,bid,9.19,1750212269094
10703298184509502202740464237528733764769030979577941510093170241051283757018,price_change,e0279f384b5c30c7a1d9318ac5bd4ddb6d761a9f,0x87bf623313e9b3d8f5dca836159c5f2c5c7378aeb58f1dd93a95f2b7d2bf2aa7,0.28,bid,3814.42,1750212269094
65424058794767895775830801365721355173229025146188154529118420773977113607634,price_change,fcfd173780c3979c736d9f90feb15ad0a63250dc,0x87bf623313e9b3d8f5dca836159c5f2c5c7378aeb58f1dd93a95f2b7d2bf2aa7,0.67,bid,15152.86,1750212269094
65424058794767895775830801365721355173229025146188154529118420773977113607634,price_change,fcfd173780c3979c736d9f90feb15ad0a63250dc,0x87bf623313e9b3d8f5dca836159c5f2c5c7378aeb58f1dd93a95f2b7d2bf2aa7,0.71,ask,9.19,1750212269094
65424058794767895775830801365721355173229025146188154529118420773977113607634,price_change,fcfd173780c3979c736d9f90feb15ad0a63250dc,0x87bf623313e9b3d8f5dca836159c5f2c5c7378aeb58f1dd93a95f2b7d2bf2aa7,0.72,ask,3814.42,1750212269094
10703298184509502202740464237528733764769030979577941510093170241051283757018,price_change,f0b6b4faea5c9b7626a38b66a5b6e2e7d2375142,0x87bf623313e9b3d8f5dca836159c5f2c5c7378aeb58f1dd93a95f2b7d2bf2aa7,0.27,bid,0,1750212269219
65424058794767895775830801365721355173229025146188154529118420773977113607634,price_change,cf7841d458abbaed73fdf9f312cf79a2041a70c5,0x87bf623313e9b3d8f5dca836159c5f2c5c7378aeb58f1dd93a95f2b7d2bf2aa7,0.73,ask,0,1750212269219
65424058794767895775830801365721355173229025146188154529118420773977113607634,price_change,0cb2aedff202a620bbefea82b1b72f6f6f5afe1e,0x87bf623313e9b3d8f5dca836159c5f2c5c7378aeb58f1dd93a95f2b7d2bf2aa7,0.68,bid,1066.72,1750212269370
10703298184509502202740464237528733764769030979577941510093170241051283757018,price_change,ebc69e8e9377c2bbdd03af5e0502717e8b64fee3,0x87bf623313e9b3d8f5dca836159c5f2c5c7378aeb58f1dd93a95f2b7d2bf2aa7,0.32,ask,1066.72,1750212269370
10703298184509502202740464237528733764769030979577941510093170241051283757018,price_change,a70334ee77a6b2c763d77f148cd9401f3f0641f9,0x87bf623313e9b3d8f5dca836159c5f2c5c7378aeb58f1dd93a95f2b7d2bf2aa7,0.33,ask,15062.06,1750212269831
65424058794767895775830801365721355173229025146188154529118420773977113607634,price_change,ec36ce2f5d196464c6a7b88234c6756aca7ced25,0x87bf623313e9b3d8f5dca836159c5f2c5c7378aeb58f1dd93a95f2b7d2bf2aa7,0.67,bid,15062.06,1750212269831
10703298184509502202740464237528733764769030979577941510093170241051283757018,price_change,5edac7097398c22367486b1d892fe950c5fa605a,0x87bf623313e9b3d8f5dca836159c5f2c5c7378aeb58f1dd93a95f2b7d2bf2aa7,0.35,ask,5814.5,1750212270062
10703298184509502202740464237528733764769030979577941510093170241051283757018,price_change,5edac7097398c22367486b1d892fe950c5fa605a,0x87bf623313e9b3d8f5dca836159c5f2c5c7378aeb58f1dd93a95f2b7d2bf2aa7,0.26,bid,15650,1750212270062
65424058794767895775830801365721355173229025146188154529118420773977113607634,price_change,afa089ddafe90a593bc2ce1dab08a304579c59d8,0x87bf623313e9b3d8f5dca836159c5f2c5c7378aeb58f1dd93a95f2b7d2bf2aa7,0.65,bid,5814.5,1750212270062
65424058794767895775830801365721355173229025146188154529118420773977113607634,price_change,afa089ddafe90a593bc2ce1dab08a304579c59d8,0x87bf623313e9b3d8f5dca836159c5f2c5c7378aeb58f1dd93a95f2b7d2bf2aa7,0.74,ask,15650,1750212270062
10703298184509502202740464237528733764769030979577941510093170241051283757018,price_change,f29236d6c5a95129b503c80533dd5a634a529705,0x87bf623313e9b3d8f5dca836159c5f2c5c7378aeb58f1dd93a95f2b7d2bf2aa7,0.31,ask,62.02,1750212270996
65424058794767895775830801365721355173229025146188154529118420773977113607634,price_change,b2c21e0eb16a2cb9fa2af46b589417dc109e1f25,0x87bf623313e9b3d8f5dca836159c5f2c5c7378aeb58f1dd93a95f2b7d2bf2aa7,0.69,bid,62.02,1750212270996
10703298184509502202740464237528733764769030979577941510093170241051283757018,price_change,b3d682c9fff077063bc8326b12bafbd0cd3e7cad,0x87bf623313e9b3d8f5dca836159c5f2c5c7378aeb58f1dd93a95f2b7d2bf2aa7,0.29,bid,0,1750212271304
10703298184509502202740464237528733764769030979577941510093170241051283757018,price_change,b3d682c9fff077063bc8326b12bafbd0cd3e7cad,0x87bf623313e9b3d8f5dca836159c5f2c5c7378aeb58f1dd93a95f2b7d2bf2aa7,0.31,ask,562.02,1750212271304
10703298184509502202740464237528733764769030979577941510093170241051283757018,price_change,b3d682c9fff077063bc8326b12bafbd0cd3e7cad,0x87bf623313e9b3d8f5dca836159c5f2c5c7378aeb58f1dd93a95f2b7d2bf2aa7,0.28,bid,893,1750212271304
10703298184509502202740464237528733764769030979577941510093170241051283757018,price_change,b3d682c9fff077063bc8326b12bafbd0cd3e7cad,0x87bf623313e9b3d8f5dca836159c5f2c5c7378aeb58f1dd93a95f2b7d2bf2aa7,0.3,ask,500,1750212271304
10703298184509502202740464237528733764769030979577941510093170241051283757018,price_change,b3d682c9fff077063bc8326b12bafbd0cd3e7cad,0x87bf623313e9b3d8f5dca836159c5f2c5c7378aeb58f1dd93a95f2b7d2bf2aa7,0.26,bid,16650,1750212271304
65424058794767895775830801365721355173229025146188154529118420773977113607634,price_change,508bc8010e382dd70b6c25b0efc1683bccd3125a,0x87bf623313e9b3d8f5dca836159c5f2c5c7378aeb58f1dd93a95f2b7d2bf2aa7,0.71,ask,0,1750212271304
65424058794767895775830801365721355173229025146188154529118420773977113607634,price_change,508bc8010e382dd70b6c25b0efc1683bccd3125a,0x87bf623313e9b3d8f5dca836159c5f2c5c7378aeb58f1dd93a95f2b7d2bf2aa7,0.69,bid,562.02,1750212271304
65424058794767895775830801365721355173229025146188154529118420773977113607634,price_change,508bc8010e382dd70b6c25b0efc1683bccd3125a,0x87bf623313e9b3d8f5dca836159c5f2c5c7378aeb58f1dd93a95f2b7d2bf2aa7,0.72,ask,893,1750212271304
65424058794767895775830801365721355173229025146188154529118420773977113607634,price_change,508bc8010e382dd70b6c25b0efc1683bccd3125a,0x87bf623313e9b3d8f5dca836159c5f2c5c7378aeb58f1dd93a95f2b7d2bf2aa7,0.7,bid,500,1750212271304
65424058794767895775830801365721355173229025146188154529118420773977113607634,price_change,508bc8010e382dd70b6c25b0efc1683bccd3125a,0x87bf623313e9b3d8f5dca836159c5f2c5c7378aeb58f1dd93a95f2b7d2bf2aa7,0.74,ask,16650,1750212271304
10703298184509502202740464237528733764769030979577941510093170241051283757018,price_change,0d9c78c757d2cba3f73d6b9f52037f17622d8d7c,0x87bf623313e9b3d8f5dca836159c5f2c5c7378aeb58f1dd93a95f2b7d2bf2aa7,0.25,bid,6314.5,1750212271340
10703298184509502202740464237528733764769030979577941510093170241051283757018,price_change,0d9c78c757d2cba3f73d6b9f52037f17622d8d7c,0x87bf623313e9b3d8f5dca836159c5f2c5c7378aeb58f1dd93a95f2b7d2bf2aa7,0.31,ask,1062.02,1750212271340
10703298184509502202740464237528733764769030979577941510093170241051283757018,price_change,0d9c78c757d2cba3f73d6b9f52037f17622d8d7c,0x87bf623313e9b3d8f5dca836159c5f2c5c7378aeb58f1dd93a95f2b7d2bf2aa7,0.3,ask,1000,1750212271340
65424058794767895775830801365721355173229025146188154529118420773977113607634,price_change,5c9eecef14cfd79e99ffab77dc28f01fce67ead4,0x87bf623313e9b3d8f5dca836159c5f2c5c7378aeb58f1dd93a95f2b7d2bf2aa7,0.75,ask,6314.5,1750212271340
65424058794767895775830801365721355173229025146188154529118420773977113607634,price_change,5c9eecef14cfd79e99ffab77dc28f01fce67ead4,0x87bf623313e9b3d8f5dca836159c5f2c5c7378aeb58f1dd93a95f2b7d2bf2aa7,0.69,bid,1062.02,1750212271340
65424058794767895775830801365721355173229025146188154529118420773977113607634,price_change,5c9eecef14cfd79e99ffab77dc28f01fce67ead4,0x87bf623313e9b3d8f5dca836159c5f2c5c7378aeb58f1dd93a95f2b7d2bf2aa7,0.7,bid,1000,1750212271340
65424058794767895775830801365721355173229025146188154529118420773977113607634,price_change,f0ffc1d3c2e7598e00172a04f5dfaac2c79d9e04,0x87bf623313e9b3d8f5dca836159c5f2c5c7378aeb58f1dd93a95f2b7d2bf2aa7,0.75,ask,9146.5,1750212271564
10703298184509502202740464237528733764769030979577941510093170241051283757018,price_change,292973c2efafb5d69c7b5c2f24af20cdc4fb1533,0x87bf623313e9b3d8f5dca836159c5f2c5c7378aeb58f1dd93a95f2b7d2bf2aa7,0.25,bid,9146.5,1750212271564
65424058794767895775830801365721355173229025146188154529118420773977113607634,price_change,5cf5d9915b464bec18afa71e61b247249961d99c,0x87bf623313e9b3d8f5dca836159c5f2c5c7378aeb58f1dd93a95f2b7d2bf2aa7,0.69,bid,1000,1750212271772
10703298184509502202740464237528733764769030979577941510093170241051283757018,price_change,e7b9d6c699c26dd1821f01ae796a6d8b7471bd1d,0x87bf623313e9b3d8f5dca836159c5f2c5c7378aeb58f1dd93a95f2b7d2bf2aa7,0.31,ask,1000,1750212271772
65424058794767895775830801365721355173229025146188154529118420773977113607634,price_change,02d6142b0631592136f18a5a7e332ccd7a34e970,0x87bf623313e9b3d8f5dca836159c5f2c5c7378aeb58f1dd93a95f2b7d2bf2aa7,0.79,ask,0,1750212271861
10703298184509502202740464237528733764769030979577941510093170241051283757018,price_change,062b5a9da1418c83d1defc30cd311e98b0afddfa,0x87bf623313e9b3d8f5dca836159c5f2c5c7378aeb58f1dd93a95f2b7d2bf2aa7,0.21,bid,0,1750212271861
65424058794767895775830801365721355173229025146188154529118420773977113607634,price_change,7f1514c2f937bc1663e85b1bc9c39340a8682768,0x87bf623313e9b3d8f5dca836159c5f2c5c7378aeb58f1dd93a95f2b7d2bf2aa7,0.63,bid,24645,1750212272151
10703298184509502202740464237528733764769030979577941510093170241051283757018,price_change,43621aff059e44b2ea35ab1078b9fed47482d4e6,0x87bf623313e9b3d8f5dca836159c5f2c5c7378aeb58f1dd93a95f2b7d2bf2aa7,0.37,ask,24645,1750212272151
10703298184509502202740464237528733764769030979577941510093170241051283757018,price_change,b98dd5bf1ccee7fd4a79d5f44a9106a25ce3d825,0x87bf623313e9b3d8f5dca836159c5f2c5c7378aeb58f1dd93a95f2b7d2bf2aa7,0.33,ask,8530.72,1750212272406
65424058794767895775830801365721355173229025146188154529118420773977113607634,price_change,8ddb605604b2431d3a5162dd97a7292fb5b54203,0x87bf623313e9b3d8f5dca836159c5f2c5c7378aeb58f1dd93a95f2b7d2bf2aa7,0.67,bid,8530.72,1750212272406
10703298184509502202740464237528733764769030979577941510093170241051283757018,price_change,4e02c2628545b2bc631455bb5a518d3b47a96eb7,0x87bf623313e9b3d8f5dca836159c5f2c5c7378aeb58f1dd93a95f2b7d2bf2aa7,0.26,bid,16750,1750212272683
10703298184509502202740464237528733764769030979577941510093170241051283757018,price_change,4e02c2628545b2bc631455bb5a518d3b47a96eb7,0x87bf623313e9b3d8f5dca836159c5f2c5c7378aeb58f1dd93a95f2b7d2bf2aa7,0.33,ask,15062.06,1750212272683
10703298184509502202740464237528733764769030979577941510093170241051283757018,price_change,4e02c2628545b2bc631455bb5a518d3b47a96eb7,0x87bf623313e9b3d8f5dca836159c5f2c5c7378aeb58f1dd93a95f2b7d2bf2aa7,0.35,ask,5914.5,1750212272683
65424058794767895775830801365721355173229025146188154529118420773977113607634,price_change,78123b8b2696c701e3e0c5d530ef506d6ab1807e,0x87bf623313e9b3d8f5dca836159c5f2c5c7378aeb58f1dd93a95f2b7d2bf2aa7,0.74,ask,16750,1750212272683
65424058794767895775830801365721355173229025146188154529118420773977113607634,price_change,78123b8b2696c701e3e0c5d530ef506d6ab1807e,0x87bf623313e9b3d8f5dca836159c5f2c5c7378aeb58f1dd93a95f2b7d2bf2aa7,0.67,bid,15062.06,1750212272683
65424058794767895775830801365721355173229025146188154529118420773977113607634,price_change,78123b8b2696c701e3e0c5d530ef506d6ab1807e,0x87bf623313e9b3d8f5dca836159c5f2c5c7378aeb58f1dd93a95f2b7d2bf2aa7,0.65,bid,5914.5,1750212272683
65424058794767895775830801365721355173229025146188154529118420773977113607634,price_change,11d7a5c1ddb882be782dcebbb90571b63edf3a76,0x87bf623313e9b3d8f5dca836159c5f2c5c7378aeb58f1dd93a95f2b7d2bf2aa7,0.74,ask,1750,1750212273399
65424058794767895775830801365721355173229025146188154529118420773977113607634,price_change,11d7a5c1ddb882be782dcebbb90571b63edf3a76,0x87bf623313e9b3d8f5dca836159c5f2c5c7378aeb58f1dd93a95f2b7d2bf2aa7,0.72,ask,0,1750212273399
65424058794767895775830801365721355173229025146188154529118420773977113607634,price_change,11d7a5c1ddb882be782dcebbb90571b63edf3a76,0x87bf623313e9b3d8f5dca836159c5f2c5c7378aeb58f1dd93a95f2b7d2bf2aa7,0.68,bid,0,1750212273399
65424058794767895775830801365721355173229025146188154529118420773977113607634,price_change,11d7a5c1ddb882be782dcebbb90571b63edf3a76,0x87bf623313e9b3d8f5dca836159c5f2c5c7378aeb58f1dd93a95f2b7d2bf2aa7,0.67,bid,7226.06,1750212273399
10703298184509502202740464237528733764769030979577941510093170241051283757018,price_change,20974d022f5c9f098a031e0c3ff0bcc41e5fe4f5,0x87bf623313e9b3d8f5dca836159c5f2c5c7378aeb58f1dd93a95f2b7d2bf2aa7,0.26,bid,1750,1750212273399
10703298184509502202740464237528733764769030979577941510093170241051283757018,price_change,20974d022f5c9f098a031e0c3ff0bcc41e5fe4f5,0x87bf623313e9b3d8f5dca836159c5f2c5c7378aeb58f1dd93a95f2b7d2bf2aa7,0.28,bid,0,1750212273399
10703298184509502202740464237528733764769030979577941510093170241051283757018,price_change,20974d022f5c9f098a031e0c3ff0bcc41e5fe4f5,0x87bf623313e9b3d8f5dca836159c5f2c5c7378aeb58f1dd93a95f2b7d2bf2aa7,0.32,ask,0,1750212273399
10703298184509502202740464237528733764769030979577941510093170241051283757018,price_change,20974d022f5c9f098a031e0c3ff0bcc41e5fe4f5,0x87bf623313e9b3d8f5dca836159c5f2c5c7378aeb58f1dd93a95f2b7d2bf2aa7,0.33,ask,7226.06,1750212273399
65424058794767895775830801365721355173229025146188154529118420773977113607634,price_change,ad4966905d2bf6739f5a63ee64f02941ef33d84a,0x87bf623313e9b3d8f5dca836159c5f2c5c7378aeb58f1dd93a95f2b7d2bf2aa7,0.73,ask,37.97,1750212273635
10703298184509502202740464237528733764769030979577941510093170241051283757018,price_change,b150d2cb3bb00b2c20c2f8b6d59bf990fe69ad62,0x87bf623313e9b3d8f5dca836159c5f2c5c7378aeb58f1dd93a95f2b7d2bf2aa7,0.27,bid,37.97,1750212273635
10703298184509502202740464237528733764769030979577941510093170241051283757018,price_change,51b86193c5f9f4834667bacf548b9806fc67fbac,0x87bf623313e9b3d8f5dca836159c5f2c5c7378aeb58f1dd93a95f2b7d2bf2aa7,0.36,ask,0,1750212273852
65424058794767895775830801365721355173229025146188154529118420773977113607634,price_change,7620ee2f967f6cdc4fd2a554c4e60535a91e7d10,0x87bf623313e9b3d8f5dca836159c5f2c5c7378aeb58f1dd93a95f2b7d2bf2aa7,0.64,bid,0,1750212273852
10703298184509502202740464237528733764769030979577941510093170241051283757018,price_change,635a1bbedc7c0c45213448334d2354b7fb73befe,0x87bf623313e9b3d8f5dca836159c5f2c5c7378aeb58f1dd93a95f2b7d2bf2aa7,0.33,ask,6914.12,1750212274013
65424058794767895775830801365721355173229025146188154529118420773977113607634,price_change,8885ebf2dbe6d209f4441b0e6aac2e6bdf73f26a,0x87bf623313e9b3d8f5dca836159c5f2c5c7378aeb58f1dd93a95f2b7d2bf2aa7,0.67,bid,6914.12,1750212274013
10703298184509502202740464237528733764769030979577941510093170241051283757018,price_change,5db7a76dba696df3280268314c7fe14029af36fd,0x87bf623313e9b3d8f5dca836159c5f2c5c7378aeb58f1dd93a95f2b7d2bf2aa7,0.33,ask,694.72,1750212274035
65424058794767895775830801365721355173229025146188154529118420773977113607634,price_change,34c77d817e51863fe62c2f4237dcd9fc07a846c6,0x87bf623313e9b3d8f5dca836159c5f2c5c7378aeb58f1dd93a95f2b7d2bf2aa7,0.67,bid,694.72,1750212274035
10703298184509502202740464237528733764769030979577941510093170241051283757018,price_change,89d8608c47490da7b6a9a6c5c66b918054531125,0x87bf623313e9b3d8f5dca836159c5f2c5c7378aeb58f1dd93a95f2b7d2bf2aa7,0.37,ask,24495,1750212274220
10703298184509502202740464237528733764769030979577941510093170241051283757018,price_change,89d8608c47490da7b6a9a6c5c66b918054531125,0x87bf623313e9b3d8f5dca836159c5f2c5c7378aeb58f1dd93a95f2b7d2bf2aa7,0.34,ask,969.42,1750212274220
65424058794767895775830801365721355173229025146188154529118420773977113607634,price_change,2cbd421f3b61bc3daf8b58591ec025822d778015,0x87bf623313e9b3d8f5dca836159c5f2c5c7378aeb58f1dd93a95f2b7d2bf2aa7,0.63,bid,24495,1750212274220
65424058794767895775830801365721355173229025146188154529118420773977113607634,price_change,2cbd421f3b61bc3daf8b58591ec025822d778015,0x87bf623313e9b3d8f5dca836159c5f2c5c7378aeb58f1dd93a95f2b7d2bf2aa7,0.66,bid,969.42,1750212274220
10703298184509502202740464237528733764769030979577941510093170241051283757018,price_change,3c3adf80b1ba9f49d36c0efb6fe5a3dff853eacc,0x87bf623313e9b3d8f5dca836159c5f2c5c7378aeb58f1dd93a95f2b7d2bf2aa7,0.34,ask,7030.02,1750212274357
65424058794767895775830801365721355173229025146188154529118420773977113607634,price_change,9787140ef9e329c8acdde0b3b53cfe8c41e8f365,0x87bf623313e9b3d8f5dca836159c5f2c5c7378aeb58f1dd93a95f2b7d2bf2aa7,0.66,bid,7030.02,1750212274357
10703298184509502202740464237528733764769030979577941510093170241051283757018,price_change,d28daabd244599a465c57ffbca1b669fbc2c850f,0x87bf623313e9b3d8f5dca836159c5f2c5c7378aeb58f1dd93a95f2b7d2bf2aa7,0.2,bid,519,1750212274838
10703298184509502202740464237528733764769030979577941510093170241051283757018,price_change,d28daabd244599a465c57ffbca1b669fbc2c850f,0x87bf623313e9b3d8f5dca836159c5f2c5c7378aeb58f1dd93a95f2b7d2bf2aa7,0.35,ask,6283.5,1750212274838
65424058794767895775830801365721355173229025146188154529118420773977113607634,price_change,304d2b8315b4c3f64d7dfd2d0e9406e7271ed0ca,0x87bf623313e9b3d8f5dca836159c5f2c5c7378aeb58f1dd93a95f2b7d2bf2aa7,0.8,ask,519,1750212274838
65424058794767895775830801365721355173229025146188154529118420773977113607634,price_change,304d2b8315b4c3f64d7dfd2d0e9406e7271ed0ca,0x87bf623313e9b3d8f5dca836159c5f2c5c7378aeb58f1dd93a95f2b7d2bf2aa7,0.65,bid,6283.5,1750212274838
65424058794767895775830801365721355173229025146188154529118420773977113607634,price_change,e7676501cd6dd5cde654b957f88046f47f1f820a,0x87bf623313e9b3d8f5dca836159c5f2c5c7378aeb58f1dd93a95f2b7d2bf2aa7,0.69,bid,1400,1750212279272
10703298184509502202740464237528733764769030979577941510093170241051283757018,price_change,46594ebac28b7dc291991ca6c7a5d8b0e6c70f4e,0x87bf623313e9b3d8f5dca836159c5f2c5c7378aeb58f1dd93a95f2b7d2bf2aa7,0.31,ask,1400,1750212279272
65424058794767895775830801365721355173229025146188154529118420773977113607634,price_change,7f6c4814e5b2d505d2d6c53f157b7798ddfd6c4b,0x87bf623313e9b3d8f5dca836159c5f2c5c7378aeb58f1dd93a95f2b7d2bf2aa7,0.74,ask,2150,1750212280551
10703298184509502202740464237528733764769030979577941510093170241051283757018,price_change,2009afa9b664bbeefc4dfdde48d101cb1a0fea1e,0x87bf623313e9b3d8f5dca836159c5f2c5c7378aeb58f1dd93a95f2b7d2bf2aa7,0.26,bid,2150,1750212280551
10703298184509502202740464237528733764769030979577941510093170241051283757018,price_change,c381e8860c22a03de69a14d22d94f0702e8ad0b7,0x87bf623313e9b3d8f5dca836159c5f2c5c7378aeb58f1dd93a95f2b7d2bf2aa7,0.36,ask,5814.5,1750212293762
65424058794767895775830801365721355173229025146188154529118420773977113607634,price_change,303d7ff6c6e1895629a6265f86f9ed5c0731986d,0x87bf623313e9b3d8f5dca836159c5f2c5c7378aeb58f1dd93a95f2b7d2bf2aa7,0.64,bid,5814.5,1750212293762
10703298184509502202740464237528733764769030979577941510093170241051283757018,price_change,a39420e29c0ef7513d752eb672353b4b3b5c41df,0x87bf623313e9b3d8f5dca836159c5f2c5c7378aeb58f1dd93a95f2b7d2bf2aa7,0.35,ask,469,1750212294014
65424058794767895775830801365721355173229025146188154529118420773977113607634,price_change,607eef44732ad2df487744bc5478605cd6492869,0x87bf623313e9b3d8f5dca836159c5f2c5c7378aeb58f1dd93a95f2b7d2bf2aa7,0.65,bid,469,1750212294014
10703298184509502202740464237528733764769030979577941510093170241051283757018,price_change,29282d2b04a0c8757aaf61a6b080665684e06d30,0x87bf623313e9b3d8f5dca836159c5f2c5c7378aeb58f1dd93a95f2b7d2bf2aa7,0.34,ask,7013.63,1750212294058
10703298184509502202740464237528733764769030979577941510093170241051283757018,price_change,29282d2b04a0c8757aaf61a6b080665684e06d30,0x87bf623313e9b3d8f5dca836159c5f2c5c7378aeb58f1dd93a95f2b7d2bf2aa7,0.35,ask,485.39,1750212294058
65424058794767895775830801365721355173229025146188154529118420773977113607634,price_change,9fa6609f15006ea03e34c2887ac0d66cd577261b,0x87bf623313e9b3d8f5dca836159c5f2c5c7378aeb58f1dd93a95f2b7d2bf2aa7,0.66,bid,7013.63,1750212294058
65424058794767895775830801365721355173229025146188154529118420773977113607634,price_change,9fa6609f15006ea03e34c2887ac0d66cd577261b,0x87bf623313e9b3d8f5dca836159c5f2c5c7378aeb58f1dd93a95f2b7d2bf2aa7,0.65,bid,485.39,1750212294058
10703298184509502202740464237528733764769030979577941510093170241051283757018,price_change,f4ad30e8b10ae8f66402f5dc268374b372661166,0x87bf623313e9b3d8f5dca836159c5f2c5c7378aeb58f1dd93a95f2b7d2bf2aa7,0.25,bid,8646.5,1750212295865
10703298184509502202740464237528733764769030979577941510093170241051283757018,price_change,f4ad30e8b10ae8f66402f5dc268374b372661166,0x87bf623313e9b3d8f5dca836159c5f2c5c7378aeb58f1dd93a95f2b7d2bf2aa7,0.31,ask,400,1750212295865
10703298184509502202740464237528733764769030979577941510093170241051283757018,price_change,f4ad30e8b10ae8f66402f5dc268374b372661166,0x87bf623313e9b3d8f5dca836159c5f2c5c7378aeb58f1dd93a95f2b7d2bf2aa7,0.3,ask,0,1750212295865
10703298184509502202740464237528733764769030979577941510093170241051283757018,price_change,f4ad30e8b10ae8f66402f5dc268374b372661166,0x87bf623313e9b3d8f5dca836159c5f2c5c7378aeb58f1dd93a95f2b7d2bf2aa7,0.26,bid,1150,1750212295865
65424058794767895775830801365721355173229025146188154529118420773977113607634,price_change,4fdbf3d4cc8ab63bfa2a3d95c3ee1747bf9d68bd,0x87bf623313e9b3d8f5dca836159c5f2c5c7378aeb58f1dd93a95f2b7d2bf2aa7,0.75,ask,8646.5,1750212295865
65424058794767895775830801365721355173229025146188154529118420773977113607634,price_change,4fdbf3d4cc8ab63bfa2a3d95c3ee1747bf9d68bd,0x87bf623313e9b3d8f5dca836159c5f2c5c7378aeb58f1dd93a95f2b7d2bf2aa7,0.69,bid,400,1750212295865
65424058794767895775830801365721355173229025146188154529118420773977113607634,price_change,4fdbf3d4cc8ab63bfa2a3d95c3ee1747bf9d68bd,0x87bf623313e9b3d8f5dca836159c5f2c5c7378aeb58f1dd93a95f2b7d2bf2aa7,0.7,bid,0,1750212295865
65424058794767895775830801365721355173229025146188154529118420773977113607634,price_change,4fdbf3d4cc8ab63bfa2a3d95c3ee1747bf9d68bd,0x87bf623313e9b3d8f5dca836159c5f2c5c7378aeb58f1dd93a95f2b7d2bf2aa7,0.74,ask,1150,1750212295865
10703298184509502202740464237528733764769030979577941510093170241051283757018,price_change,8f3b94aecf632d9dc4814df0ba48bfa0f1d1fbab,0x87bf623313e9b3d8f5dca836159c5f2c5c7378aeb58f1dd93a95f2b7d2bf2aa7,0.3,ask,12.02,1750212296123
65424058794767895775830801365721355173229025146188154529118420773977113607634,price_change,071357698f141b6b7a56f0c50c2e820df51db42f,0x87bf623313e9b3d8f5dca836159c5f2c5c7378aeb58f1dd93a95f2b7d2bf2aa7,0.7,bid,12.02,1750212296123
10703298184509502202740464237528733764769030979577941510093170241051283757018,price_change,032b643556dc34deddb596aa8e07bdb15c37ffbe,0x87bf623313e9b3d8f5dca836159c5f2c5c7378aeb58f1dd93a95f2b7d2bf2aa7,0.35,ask,535.39,1750212296229
65424058794767895775830801365721355173229025146188154529118420773977113607634,price_change,47db8eafdb80a75fa1d042e494f72c7cb7cbb954,0x87bf623313e9b3d8f5dca836159c5f2c5c7378aeb58f1dd93a95f2b7d2bf2aa7,0.65,bid,535.39,1750212296229
65424058794767895775830801365721355173229025146188154529118420773977113607634,price_change,82b46a04879253d9314e55e4adf0516ddabcd036,0x87bf623313e9b3d8f5dca836159c5f2c5c7378aeb58f1dd93a95f2b7d2bf2aa7,0.69,bid,0,1750212297373
10703298184509502202740464237528733764769030979577941510093170241051283757018,price_change,1dfb62c67cd87f71ac82dda4cb96778540db65ee,0x87bf623313e9b3d8f5dca836159c5f2c5c7378aeb58f1dd93a95f2b7d2bf2aa7,0.31,ask,0,1750212297373
10703298184509502202740464237528733764769030979577941510093170241051283757018,price_change,692f2d30a2bc2fa08261d288ee1f5ee901eebc73,0x87bf623313e9b3d8f5dca836159c5f2c5c7378aeb58f1dd93a95f2b7d2bf2aa7,0.26,bid,750,1750212297562
65424058794767895775830801365721355173229025146188154529118420773977113607634,price_change,d00839be31e90823ad548e28acab11e1e9fe4223,0x87bf623313e9b3d8f5dca836159c5f2c5c7378aeb58f1dd93a95f2b7d2bf2aa7,0.74,ask,750,1750212297562
10703298184509502202740464237528733764769030979577941510093170241051283757018,price_change,d6f51caacbf3cd2939907ee029655a4ad1625880,0x87bf623313e9b3d8f5dca836159c5f2c5c7378aeb58f1dd93a95f2b7d2bf2aa7,0.26,bid,1250,1750212297714
10703298184509502202740464237528733764769030979577941510093170241051283757018,price_change,d6f51caacbf3cd2939907ee029655a4ad1625880,0x87bf623313e9b3d8f5dca836159c5f2c5c7378aeb58f1dd93a95f2b7d2bf2aa7,0.27,bid,1037.97,1750212297714
10703298184509502202740464237528733764769030979577941510093170241051283757018,price_change,d6f51caacbf3cd2939907ee029655a4ad1625880,0x87bf623313e9b3d8f5dca836159c5f2c5c7378aeb58f1dd93a95f2b7d2bf2aa7,0.32,ask,1100,1750212297714
10703298184509502202740464237528733764769030979577941510093170241051283757018,price_change,d6f51caacbf3cd2939907ee029655a4ad1625880,0x87bf623313e9b3d8f5dca836159c5f2c5c7378aeb58f1dd93a95f2b7d2bf2aa7,0.31,ask,1000,1750212297714
65424058794767895775830801365721355173229025146188154529118420773977113607634,price_change,ba2d9b698994eaea0a775622dda818fa3b0980dc,0x87bf623313e9b3d8f5dca836159c5f2c5c7378aeb58f1dd93a95f2b7d2bf2aa7,0.74,ask,1250,1750212297714
65424058794767895775830801365721355173229025146188154529118420773977113607634,price_change,ba2d9b698994eaea0a775622dda818fa3b0980dc,0x87bf623313e9b3d8f5dca836159c5f2c5c7378aeb58f1dd93a95f2b7d2bf2aa7,0.73,ask,1037.97,1750212297714
65424058794767895775830801365721355173229025146188154529118420773977113607634,price_change,ba2d9b698994eaea0a775622dda818fa3b0980dc,0x87bf623313e9b3d8f5dca836159c5f2c5c7378aeb58f1dd93a95f2b7d2bf2aa7,0.68,bid,1100,1750212297714
65424058794767895775830801365721355173229025146188154529118420773977113607634,price_change,ba2d9b698994eaea0a775622dda818fa3b0980dc,0x87bf623313e9b3d8f5dca836159c5f2c5c7378aeb58f1dd93a95f2b7d2bf2aa7,0.69,bid,1000,1750212297714
10703298184509502202740464237528733764769030979577941510093170241051283757018,price_change,7fa913e07afadff7fd8f150ccace993ab4073c3f,0x87bf623313e9b3d8f5dca836159c5f2c5c7378aeb58f1dd93a95f2b7d2bf2aa7,0.3,ask,0,1750212297909
65424058794767895775830801365721355173229025146188154529118420773977113607634,price_change,47046e281c2901706a1ddedb0fdefcf2951cd125,0x87bf623313e9b3d8f5dca836159c5f2c5c7378aeb58f1dd93a95f2b7d2bf2aa7,0.7,bid,0,1750212297909
10703298184509502202740464237528733764769030979577941510093170241051283757018,price_change,26daa77c3004837464d01b36bbedc214e8e65f71,0x87bf623313e9b3d8f5dca836159c5f2c5c7378aeb58f1dd93a95f2b7d2bf2aa7,0.36,ask,5964.5,1750212298049
65424058794767895775830801365721355173229025146188154529118420773977113607634,price_change,13a3c8b1d57c5af834acd72ca0aa45bd235b422b,0x87bf623313e9b3d8f5dca836159c5f2c5c7378aeb58f1dd93a95f2b7d2bf2aa7,0.64,bid,5964.5,1750212298049
10703298184509502202740464237528733764769030979577941510093170241051283757018,price_change,b7f58c6ebf8ef623f90360435bbf2f382435893a,0x87bf623313e9b3d8f5dca836159c5f2c5c7378aeb58f1dd93a95f2b7d2bf2aa7,0.3,ask,12.02,1750212298350
65424058794767895775830801365721355173229025146188154529118420773977113607634,price_change,093611c0591271c47487c5019d638079cc2d19e5,0x87bf623313e9b3d8f5dca836159c5f2c5c7378aeb58f1dd93a95f2b7d2bf2aa7,0.7,bid,12.02,1750212298350
65424058794767895775830801365721355173229025146188154529118420773977113607634,price_change,6d19d8ecb02d288054611e116e466131b8e5d507,0x87bf623313e9b3d8f5dca836159c5f2c5c7378aeb58f1dd93a95f2b7d2bf2aa7,0.74,ask,16250,1750212298624
65424058794767895775830801365721355173229025146188154529118420773977113607634,price_change,6d19d8ecb02d288054611e116e466131b8e5d507,0x87bf623313e9b3d8f5dca836159c5f2c5c7378aeb58f1dd93a95f2b7d2bf2aa7,0.68,bid,1000,1750212298624
65424058794767895775830801365721355173229025146188154529118420773977113607634,price_change,6d19d8ecb02d288054611e116e466131b8e5d507,0x87bf623313e9b3d8f5dca836159c5f2c5c7378aeb58f1dd93a95f2b7d2bf2aa7,0.72,ask,893,1750212298624
65424058794767895775830801365721355173229025146188154529118420773977113607634,price_change,6d19d8ecb02d288054611e116e466131b8e5d507,0x87bf623313e9b3d8f5dca836159c5f2c5c7378aeb58f1dd93a95f2b7d2bf2aa7,0.66,bid,14968.63,1750212298624
10703298184509502202740464237528733764769030979577941510093170241051283757018,price_change,2eddc67e5b1fdfddbc39a21d3dd9e64a05bb6f0e,0x87bf623313e9b3d8f5dca836159c5f2c5c7378aeb58f1dd93a95f2b7d2bf2aa7,0.26,bid,16250,1750212298624
10703298184509502202740464237528733764769030979577941510093170241051283757018,price_change,2eddc67e5b1fdfddbc39a21d3dd9e64a05bb6f0e,0x87bf623313e9b3d8f5dca836159c5f2c5c7378aeb58f1dd93a95f2b7d2bf2aa7,0.32,ask,1000,1750212298624
10703298184509502202740464237528733764769030979577941510093170241051283757018,price_change,2eddc67e5b1fdfddbc39a21d3dd9e64a05bb6f0e,0x87bf623313e9b3d8f5dca836159c5f2c5c7378aeb58f1dd93a95f2b7d2bf2aa7,0.28,bid,893,1750212298624
10703298184509502202740464237528733764769030979577941510093170241051283757018,price_change,2eddc67e5b1fdfddbc39a21d3dd9e64a05bb6f0e,0x87bf623313e9b3d8f5dca836159c5f2c5c7378aeb58f1dd93a95f2b7d2bf2aa7,0.34,ask,14968.63,1750212298624
65424058794767895775830801365721355173229025146188154529118420773977113607634,price_change,1167e2f8a1193738a107b264766560e114dfcf82,0x87bf623313e9b3d8f5dca836159c5f2c5c7378aeb58f1dd93a95f2b7d2bf2aa7,0.69,bid,2066.72,1750212298806
10703298184509502202740464237528733764769030979577941510093170241051283757018,price_change,27185bea348af1734477932b95de3c64e4d4dbde,0x87bf623313e9b3d8f5dca836159c5f2c5c7378aeb58f1dd93a95f2b7d2bf2aa7,0.31,ask,2066.72,1750212298806
10703298184509502202740464237528733764769030979577941510093170241051283757018,price_change,01ec1b449bf632784eebe7431a0ca2aa4f752c9a,0x87bf623313e9b3d8f5dca836159c5f2c5c7378aeb58f1dd93a95f2b7d2bf2aa7,0.27,bid,1000,1750212299091
65424058794767895775830801365721355173229025146188154529118420773977113607634,price_change,a3c98520b800cbb541dca81a79712b38be542ec9,0x87bf623313e9b3d8f5dca836159c5f2c5c7378aeb58f1dd93a95f2b7d2bf2aa7,0.73,ask,1000,1750212299091
65424058794767895775830801365721355173229025146188154529118420773977113607634,price_change,d8d2bc7aee37f2332c67948862a70c10f2b0087a,0x87bf623313e9b3d8f5dca836159c5f2c5c7378aeb58f1dd93a95f2b7d2bf2aa7,0.78,ask,0,1750212299367
10703298184509502202740464237528733764769030979577941510093170241051283757018,price_change,22a81a5a43da5e868221332fb632e80a4f4033ae,0x87bf623313e9b3d8f5dca836159c5f2c5c7378aeb58f1dd93a95f2b7d2bf2aa7,0.22,bid,0,1750212299367
65424058794767895775830801365721355173229025146188154529118420773977113607634,price_change,1c6b48786f47584f6817093f430ea151a6d70712,0x87bf623313e9b3d8f5dca836159c5f2c5c7378aeb58f1dd93a95f2b7d2bf2aa7,0.64,bid,5814.5,1750212299706
65424058794767895775830801365721355173229025146188154529118420773977113607634,price_change,1c6b48786f47584f6817093f430ea151a6d70712,0x87bf623313e9b3d8f5dca836159c5f2c5c7378aeb58f1dd93a95f2b7d2bf2aa7,0.65,bid,485.39,1750212299706
10703298184509502202740464237528733764769030979577941510093170241051283757018,price_change,272cfe625fd6f7cbc5f3637d81628245fb2de2f5,0x87bf623313e9b3d8f5dca836159c5f2c5c7378aeb58f1dd93a95f2b7d2bf2aa7,0.36,ask,5814.5,1750212299706
10703298184509502202740464237528733764769030979577941510093170241051283757018,price_change,272cfe625fd6f7cbc5f3637d81628245fb2de2f5,0x87bf623313e9b3d8f5dca836159c5f2c5c7378aeb58f1dd93a95f2b7d2bf2aa7,0.35,ask,485.39,1750212299706
65424058794767895775830801365721355173229025146188154529118420773977113607634,price_change,0bc7f3092fc3f279b9ac86a71f37fe485ca1f061,0x87bf623313e9b3d8f5dca836159c5f2c5c7378aeb58f1dd93a95f2b7d2bf2aa7,0.79,ask,50,1750212301360
10703298184509502202740464237528733764769030979577941510093170241051283757018,price_change,582d87ffa3852bfda26a7484a82ca1599c439581,0x87bf623313e9b3d8f5dca836159c5f2c5c7378aeb58f1dd93a95f2b7d2bf2aa7,0.21,bid,50,1750212301360
65424058794767895775830801365721355173229025146188154529118420773977113607634,price_change,4895776af8480ebb6dc774229e32a07faaa58832,0x87bf623313e9b3d8f5dca836159c5f2c5c7378aeb58f1dd93a95f2b7d2bf2aa7,0.66,bid,15018.63,1750212301398
10703298184509502202740464237528733764769030979577941510093170241051283757018,price_change,299e45d4e62c72e616b449d26b063b191a20a2e6,0x87bf623313e9b3d8f5dca836159c5f2c5c7378aeb58f1dd93a95f2b7d2bf2aa7,0.34,ask,15018.63,1750212301398
65424058794767895775830801365721355173229025146188154529118420773977113607634,price_change,40ed42677658f379fdd03e0020e1beaeae68b2fa,0x87bf623313e9b3d8f5dca836159c5f2c5c7378aeb58f1dd93a95f2b7d2bf2aa7,0.66,bid,14715.6,1750212302255
65424058794767895775830801365721355173229025146188154529118420773977113607634,price_change,40ed42677658f379fdd03e0020e1beaeae68b2fa,0x87bf623313e9b3d8f5dca836159c5f2c5c7378aeb58f1dd93a95f2b7d2bf2aa7,0.75,ask,8510.5,1750212302255
10703298184509502202740464237528733764769030979577941510093170241051283757018,price_change,e89fd928d068a8c6259b988d619e3bce2605d55d,0x87bf623313e9b3d8f5dca836159c5f2c5c7378aeb58f1dd93a95f2b7d2bf2aa7,0.34,ask,14715.6,1750212302255
10703298184509502202740464237528733764769030979577941510093170241051283757018,price_change,e89fd928d068a8c6259b988d619e3bce2605d55d,0x87bf623313e9b3d8f5dca836159c5f2c5c7378aeb58f1dd93a95f2b7d2bf2aa7,0.25,bid,8510.5,1750212302255
10703298184509502202740464237528733764769030979577941510093170241051283757018,price_change,314749069a12dae9352622336ac2e70b5fb46340,0x87bf623313e9b3d8f5dca836159c5f2c5c7378aeb58f1dd93a95f2b7d2bf2aa7,0.34,ask,8655,1750212302298
10703298184509502202740464237528733764769030979577941510093170241051283757018,price_change,314749069a12dae9352622336ac2e70b5fb46340,0x87bf623313e9b3d8f5dca836159c5f2c5c7378aeb58f1dd93a95f2b7d2bf2aa7,0.25,bid,5814.5,1750212302298
65424058794767895775830801365721355173229025146188154529118420773977113607634,price_change,2f3b0e7cb89b688b6b28b0cdd34ce5d7ce6d3b33,0x87bf623313e9b3d8f5dca836159c5f2c5c7378aeb58f1dd93a95f2b7d2bf2aa7,0.66,bid,8655,1750212302298
65424058794767895775830801365721355173229025146188154529118420773977113607634,price_change,2f3b0e7cb89b688b6b28b0cdd34ce5d7ce6d3b33,0x87bf623313e9b3d8f5dca836159c5f2c5c7378aeb58f1dd93a95f2b7d2bf2aa7,0.75,ask,5814.5,1750212302298
10703298184509502202740464237528733764769030979577941510093170241051283757018,price_change,d859822a182a7615aabbb56527faa5a7bf4097bd,0x87bf623313e9b3d8f5dca836159c5f2c5c7378aeb58f1dd93a95f2b7d2bf2aa7,0.34,ask,8958.03,1750212302499
10703298184509502202740464237528733764769030979577941510093170241051283757018,price_change,d859822a182a7615aabbb56527faa5a7bf4097bd,0x87bf623313e9b3d8f5dca836159c5f2c5c7378aeb58f1dd93a95f2b7d2bf2aa7,0.25,bid,5950.5,1750212302499
65424058794767895775830801365721355173229025146188154529118420773977113607634,price_change,a9b66ad32721b74a24941d9011c5bef2657ae413,0x87bf623313e9b3d8f5dca836159c5f2c5c7378aeb58f1dd93a95f2b7d2bf2aa7,0.66,bid,8958.03,1750212302499
65424058794767895775830801365721355173229025146188154529118420773977113607634,price_change,a9b66ad32721b74a24941d9011c5bef2657ae413,0x87bf623313e9b3d8f5dca836159c5f2c5c7378aeb58f1dd93a95f2b7d2bf2aa7,0.75,ask,5950.5,1750212302499
65424058794767895775830801365721355173229025146188154529118420773977113607634,price_change,f23100403e36fb599495d577f4ed81b937db9a00,0x87bf623313e9b3d8f5dca836159c5f2c5c7378aeb58f1dd93a95f2b7d2bf2aa7,0.66,bid,15018.63,1750212302616
