asset_id,price,size,side,timestamp
19907336571514490664697153367667679939936374881220243775049933808546169661760,0.45,100.0,bid,1750218353963
25710935574867695279743917545485924741668079162095782936806777217229410741194,0.36,100.0,bid,1750218353963
19907336571514490664697153367667679939936374881220243775049933808546169661760,0.45,100.0,bid,1750218354040
25710935574867695279743917545485924741668079162095782936806777217229410741194,0.36,100.0,bid,1750218354040
19907336571514490664697153367667679939936374881220243775049933808546169661760,0.45,100.0,bid,1750218354120
25710935574867695279743917545485924741668079162095782936806777217229410741194,0.36,100.0,bid,1750218354120
19907336571514490664697153367667679939936374881220243775049933808546169661760,0.45,100.0,bid,1750218354226
25710935574867695279743917545485924741668079162095782936806777217229410741194,0.36,100.0,bid,1750218354226
19907336571514490664697153367667679939936374881220243775049933808546169661760,0.45,100.0,bid,1750218354313
25710935574867695279743917545485924741668079162095782936806777217229410741194,0.35,100.0,bid,1750218354313
19907336571514490664697153367667679939936374881220243775049933808546169661760,0.45,100.0,bid,1750218354614
25710935574867695279743917545485924741668079162095782936806777217229410741194,0.35,100.0,bid,1750218354614
19907336571514490664697153367667679939936374881220243775049933808546169661760,0.45,100.0,bid,1750218355251
25710935574867695279743917545485924741668079162095782936806777217229410741194,0.35,100.0,bid,1750218355251
19907336571514490664697153367667679939936374881220243775049933808546169661760,0.45,100.0,bid,1750218355540
25710935574867695279743917545485924741668079162095782936806777217229410741194,0.35,100.0,bid,1750218355540
19907336571514490664697153367667679939936374881220243775049933808546169661760,0.45,100.0,bid,1750218355741
25710935574867695279743917545485924741668079162095782936806777217229410741194,0.35,100.0,bid,1750218355741
19907336571514490664697153367667679939936374881220243775049933808546169661760,0.45,100.0,bid,1750218356115
25710935574867695279743917545485924741668079162095782936806777217229410741194,0.35,100.0,bid,1750218356115
19907336571514490664697153367667679939936374881220243775049933808546169661760,0.45,100.0,bid,1750218356240
25710935574867695279743917545485924741668079162095782936806777217229410741194,0.35,100.0,bid,1750218356240
19907336571514490664697153367667679939936374881220243775049933808546169661760,0.45,100.0,bid,1750218356437
25710935574867695279743917545485924741668079162095782936806777217229410741194,0.35,100.0,bid,1750218356437
19907336571514490664697153367667679939936374881220243775049933808546169661760,0.45,100.0,bid,1750218356524
25710935574867695279743917545485924741668079162095782936806777217229410741194,0.35,100.0,bid,1750218356524
19907336571514490664697153367667679939936374881220243775049933808546169661760,0.45,100.0,bid,1750218356739
25710935574867695279743917545485924741668079162095782936806777217229410741194,0.35,100.0,bid,1750218356739
19907336571514490664697153367667679939936374881220243775049933808546169661760,0.45,100.0,bid,1750218358151
25710935574867695279743917545485924741668079162095782936806777217229410741194,0.35,100.0,bid,1750218358151
19907336571514490664697153367667679939936374881220243775049933808546169661760,0.45,100.0,bid,1750218358760
25710935574867695279743917545485924741668079162095782936806777217229410741194,0.35,100.0,bid,1750218358760
19907336571514490664697153367667679939936374881220243775049933808546169661760,0.45,100.0,bid,1750218358964
25710935574867695279743917545485924741668079162095782936806777217229410741194,0.35,100.0,bid,1750218358964
19907336571514490664697153367667679939936374881220243775049933808546169661760,0.45,100.0,bid,1750218359230
25710935574867695279743917545485924741668079162095782936806777217229410741194,0.35,100.0,bid,1750218359230
19907336571514490664697153367667679939936374881220243775049933808546169661760,0.45,100.0,bid,1750218360344
25710935574867695279743917545485924741668079162095782936806777217229410741194,0.35,100.0,bid,1750218360344
19907336571514490664697153367667679939936374881220243775049933808546169661760,0.45,100.0,bid,1750218360549
25710935574867695279743917545485924741668079162095782936806777217229410741194,0.35,100.0,bid,1750218360549
19907336571514490664697153367667679939936374881220243775049933808546169661760,0.45,100.0,bid,1750218360634
25710935574867695279743917545485924741668079162095782936806777217229410741194,0.35,100.0,bid,1750218360634
19907336571514490664697153367667679939936374881220243775049933808546169661760,0.45,100.0,bid,1750218360735
25710935574867695279743917545485924741668079162095782936806777217229410741194,0.35,100.0,bid,1750218360735
19907336571514490664697153367667679939936374881220243775049933808546169661760,0.45,100.0,bid,1750218360963
25710935574867695279743917545485924741668079162095782936806777217229410741194,0.35,100.0,bid,1750218360963
19907336571514490664697153367667679939936374881220243775049933808546169661760,0.45,100.0,bid,1750218361053
25710935574867695279743917545485924741668079162095782936806777217229410741194,0.35,100.0,bid,1750218361053
19907336571514490664697153367667679939936374881220243775049933808546169661760,0.45,100.0,bid,1750218362772
25710935574867695279743917545485924741668079162095782936806777217229410741194,0.35,100.0,bid,1750218362772
19907336571514490664697153367667679939936374881220243775049933808546169661760,0.45,100.0,bid,1750218362875
25710935574867695279743917545485924741668079162095782936806777217229410741194,0.35,100.0,bid,1750218362875
19907336571514490664697153367667679939936374881220243775049933808546169661760,0.45,100.0,bid,1750218362955
25710935574867695279743917545485924741668079162095782936806777217229410741194,0.35,100.0,bid,1750218362955
19907336571514490664697153367667679939936374881220243775049933808546169661760,0.45,100.0,bid,1750218363065
25710935574867695279743917545485924741668079162095782936806777217229410741194,0.35,100.0,bid,1750218363065
19907336571514490664697153367667679939936374881220243775049933808546169661760,0.45,100.0,bid,1750218366658
25710935574867695279743917545485924741668079162095782936806777217229410741194,0.35,100.0,bid,1750218366658
19907336571514490664697153367667679939936374881220243775049933808546169661760,0.45,100.0,bid,1750218367162
25710935574867695279743917545485924741668079162095782936806777217229410741194,0.35,100.0,bid,1750218367162
19907336571514490664697153367667679939936374881220243775049933808546169661760,0.45,100.0,bid,1750218367274
25710935574867695279743917545485924741668079162095782936806777217229410741194,0.35,100.0,bid,1750218367274
19907336571514490664697153367667679939936374881220243775049933808546169661760,0.45,100.0,bid,1750218369087
25710935574867695279743917545485924741668079162095782936806777217229410741194,0.35,100.0,bid,1750218369087
19907336571514490664697153367667679939936374881220243775049933808546169661760,0.45,100.0,bid,1750218369168
25710935574867695279743917545485924741668079162095782936806777217229410741194,0.35,100.0,bid,1750218369168
19907336571514490664697153367667679939936374881220243775049933808546169661760,0.45,100.0,bid,1750218375111
25710935574867695279743917545485924741668079162095782936806777217229410741194,0.35,100.0,bid,1750218375111
19907336571514490664697153367667679939936374881220243775049933808546169661760,0.45,100.0,bid,1750218375915
25710935574867695279743917545485924741668079162095782936806777217229410741194,0.35,100.0,bid,1750218375915
19907336571514490664697153367667679939936374881220243775049933808546169661760,0.45,100.0,bid,1750218378707
25710935574867695279743917545485924741668079162095782936806777217229410741194,0.35,100.0,bid,1750218378707
19907336571514490664697153367667679939936374881220243775049933808546169661760,0.45,100.0,bid,1750218378824
25710935574867695279743917545485924741668079162095782936806777217229410741194,0.35,100.0,bid,1750218378824
19907336571514490664697153367667679939936374881220243775049933808546169661760,0.45,100.0,bid,1750218379119
25710935574867695279743917545485924741668079162095782936806777217229410741194,0.35,100.0,bid,1750218379119
19907336571514490664697153367667679939936374881220243775049933808546169661760,0.45,100.0,bid,1750218383341
25710935574867695279743917545485924741668079162095782936806777217229410741194,0.35,100.0,bid,1750218383341
19907336571514490664697153367667679939936374881220243775049933808546169661760,0.45,100.0,bid,1750218383654
25710935574867695279743917545485924741668079162095782936806777217229410741194,0.35,100.0,bid,1750218383654
19907336571514490664697153367667679939936374881220243775049933808546169661760,0.45,100.0,bid,1750218390475
25710935574867695279743917545485924741668079162095782936806777217229410741194,0.35,100.0,bid,1750218390475
19907336571514490664697153367667679939936374881220243775049933808546169661760,0.45,100.0,bid,1750218392757
25710935574867695279743917545485924741668079162095782936806777217229410741194,0.35,100.0,bid,1750218392757
19907336571514490664697153367667679939936374881220243775049933808546169661760,0.45,100.0,bid,1750218392874
25710935574867695279743917545485924741668079162095782936806777217229410741194,0.35,100.0,bid,1750218392874
19907336571514490664697153367667679939936374881220243775049933808546169661760,0.45,100.0,bid,1750218393065
25710935574867695279743917545485924741668079162095782936806777217229410741194,0.35,100.0,bid,1750218393065
19907336571514490664697153367667679939936374881220243775049933808546169661760,0.45,100.0,bid,1750218393184
25710935574867695279743917545485924741668079162095782936806777217229410741194,0.35,100.0,bid,1750218393184
19907336571514490664697153367667679939936374881220243775049933808546169661760,0.45,100.0,bid,1750218396497
25710935574867695279743917545485924741668079162095782936806777217229410741194,0.35,100.0,bid,1750218396497
19907336571514490664697153367667679939936374881220243775049933808546169661760,0.45,100.0,bid,1750218397393
25710935574867695279743917545485924741668079162095782936806777217229410741194,0.35,100.0,bid,1750218397393
19907336571514490664697153367667679939936374881220243775049933808546169661760,0.45,100.0,bid,1750218405224
25710935574867695279743917545485924741668079162095782936806777217229410741194,0.35,100.0,bid,1750218405224
19907336571514490664697153367667679939936374881220243775049933808546169661760,0.45,100.0,bid,1750218407564
25710935574867695279743917545485924741668079162095782936806777217229410741194,0.35,100.0,bid,1750218407564
19907336571514490664697153367667679939936374881220243775049933808546169661760,0.45,100.0,bid,1750218407635
25710935574867695279743917545485924741668079162095782936806777217229410741194,0.35,100.0,bid,1750218407635
19907336571514490664697153367667679939936374881220243775049933808546169661760,0.45,100.0,bid,1750218407720
25710935574867695279743917545485924741668079162095782936806777217229410741194,0.35,100.0,bid,1750218407720
19907336571514490664697153367667679939936374881220243775049933808546169661760,0.45,100.0,bid,1750218407853
25710935574867695279743917545485924741668079162095782936806777217229410741194,0.35,100.0,bid,1750218407853
19907336571514490664697153367667679939936374881220243775049933808546169661760,0.45,100.0,bid,1750218411738
25710935574867695279743917545485924741668079162095782936806777217229410741194,0.35,100.0,bid,1750218411738
19907336571514490664697153367667679939936374881220243775049933808546169661760,0.45,100.0,bid,1750218412665
25710935574867695279743917545485924741668079162095782936806777217229410741194,0.35,100.0,bid,1750218412665
19907336571514490664697153367667679939936374881220243775049933808546169661760,0.45,100.0,bid,1750218412930
25710935574867695279743917545485924741668079162095782936806777217229410741194,0.35,100.0,bid,1750218412930
19907336571514490664697153367667679939936374881220243775049933808546169661760,0.45,100.0,bid,1750218413257
25710935574867695279743917545485924741668079162095782936806777217229410741194,0.35,100.0,bid,1750218413257
19907336571514490664697153367667679939936374881220243775049933808546169661760,0.45,100.0,bid,1750218413553
25710935574867695279743917545485924741668079162095782936806777217229410741194,0.35,100.0,bid,1750218413553
19907336571514490664697153367667679939936374881220243775049933808546169661760,0.45,100.0,bid,1750218413655
25710935574867695279743917545485924741668079162095782936806777217229410741194,0.35,100.0,bid,1750218413655
19907336571514490664697153367667679939936374881220243775049933808546169661760,0.45,100.0,bid,1750218413770
25710935574867695279743917545485924741668079162095782936806777217229410741194,0.35,100.0,bid,1750218413770
19907336571514490664697153367667679939936374881220243775049933808546169661760,0.45,100.0,bid,1750218413859
25710935574867695279743917545485924741668079162095782936806777217229410741194,0.35,100.0,bid,1750218413859
19907336571514490664697153367667679939936374881220243775049933808546169661760,0.45,100.0,bid,1750218414040
25710935574867695279743917545485924741668079162095782936806777217229410741194,0.35,100.0,bid,1750218414040
19907336571514490664697153367667679939936374881220243775049933808546169661760,0.45,100.0,bid,1750218414174
25710935574867695279743917545485924741668079162095782936806777217229410741194,0.35,100.0,bid,1750218414174
19907336571514490664697153367667679939936374881220243775049933808546169661760,0.45,100.0,bid,1750218414291
25710935574867695279743917545485924741668079162095782936806777217229410741194,0.35,100.0,bid,1750218414291
19907336571514490664697153367667679939936374881220243775049933808546169661760,0.45,100.0,bid,1750218414457
25710935574867695279743917545485924741668079162095782936806777217229410741194,0.35,100.0,bid,1750218414457
19907336571514490664697153367667679939936374881220243775049933808546169661760,0.45,100.0,bid,1750218414657
25710935574867695279743917545485924741668079162095782936806777217229410741194,0.35,100.0,bid,1750218414657
19907336571514490664697153367667679939936374881220243775049933808546169661760,0.45,100.0,bid,1750218556929
25710935574867695279743917545485924741668079162095782936806777217229410741194,0.35,100.0,bid,1750218556929
19907336571514490664697153367667679939936374881220243775049933808546169661760,0.45,100.0,bid,1750218557019
25710935574867695279743917545485924741668079162095782936806777217229410741194,0.35,100.0,bid,1750218557019
19907336571514490664697153367667679939936374881220243775049933808546169661760,0.45,100.0,bid,1750218557141
25710935574867695279743917545485924741668079162095782936806777217229410741194,0.35,100.0,bid,1750218557141
19907336571514490664697153367667679939936374881220243775049933808546169661760,0.45,100.0,bid,1750218557238
25710935574867695279743917545485924741668079162095782936806777217229410741194,0.35,100.0,bid,1750218557238
19907336571514490664697153367667679939936374881220243775049933808546169661760,0.45,100.0,bid,1750218557339
25710935574867695279743917545485924741668079162095782936806777217229410741194,0.35,100.0,bid,1750218557339
19907336571514490664697153367667679939936374881220243775049933808546169661760,0.45,100.0,bid,1750218557437
25710935574867695279743917545485924741668079162095782936806777217229410741194,0.35,100.0,bid,1750218557437
19907336571514490664697153367667679939936374881220243775049933808546169661760,0.45,100.0,bid,1750218557630
25710935574867695279743917545485924741668079162095782936806777217229410741194,0.35,100.0,bid,1750218557630
19907336571514490664697153367667679939936374881220243775049933808546169661760,0.45,100.0,bid,1750218557727
25710935574867695279743917545485924741668079162095782936806777217229410741194,0.35,100.0,bid,1750218557727
25710935574867695279743917545485924741668079162095782936806777217229410741194,0.34,55.9,bid,1750218557840
19907336571514490664697153367667679939936374881220243775049933808546169661760,0.45,55.9,bid,1750218557840
19907336571514490664697153367667679939936374881220243775049933808546169661760,0.45,44.1,bid,1750218557840
25710935574867695279743917545485924741668079162095782936806777217229410741194,0.35,44.1,bid,1750218557840
25710935574867695279743917545485924741668079162095782936806777217229410741194,0.34,55.9,bid,1750218558755
19907336571514490664697153367667679939936374881220243775049933808546169661760,0.45,55.9,bid,1750218558755
19907336571514490664697153367667679939936374881220243775049933808546169661760,0.45,44.1,bid,1750218558755
25710935574867695279743917545485924741668079162095782936806777217229410741194,0.35,44.1,bid,1750218558755
25710935574867695279743917545485924741668079162095782936806777217229410741194,0.34,55.9,bid,1750218558827
19907336571514490664697153367667679939936374881220243775049933808546169661760,0.45,55.9,bid,1750218558827
19907336571514490664697153367667679939936374881220243775049933808546169661760,0.45,44.1,bid,1750218558827
25710935574867695279743917545485924741668079162095782936806777217229410741194,0.35,44.1,bid,1750218558827
19907336571514490664697153367667679939936374881220243775049933808546169661760,0.45,100.0,bid,1750218558940
25710935574867695279743917545485924741668079162095782936806777217229410741194,0.34,100.0,bid,1750218558940
19907336571514490664697153367667679939936374881220243775049933808546169661760,0.45,100.0,bid,1750218559140
25710935574867695279743917545485924741668079162095782936806777217229410741194,0.34,100.0,bid,1750218559140
19907336571514490664697153367667679939936374881220243775049933808546169661760,0.45,100.0,bid,1750218559744
25710935574867695279743917545485924741668079162095782936806777217229410741194,0.34,100.0,bid,1750218559744
19907336571514490664697153367667679939936374881220243775049933808546169661760,0.45,100.0,bid,1750218560370
25710935574867695279743917545485924741668079162095782936806777217229410741194,0.34,100.0,bid,1750218560370
19907336571514490664697153367667679939936374881220243775049933808546169661760,0.45,100.0,bid,1750218560473
25710935574867695279743917545485924741668079162095782936806777217229410741194,0.34,100.0,bid,1750218560473
19907336571514490664697153367667679939936374881220243775049933808546169661760,0.45,100.0,bid,1750218560547
25710935574867695279743917545485924741668079162095782936806777217229410741194,0.34,100.0,bid,1750218560547
19907336571514490664697153367667679939936374881220243775049933808546169661760,0.45,100.0,bid,1750218560644
25710935574867695279743917545485924741668079162095782936806777217229410741194,0.34,100.0,bid,1750218560644
19907336571514490664697153367667679939936374881220243775049933808546169661760,0.45,100.0,bid,1750218560852
25710935574867695279743917545485924741668079162095782936806777217229410741194,0.34,100.0,bid,1750218560852
19907336571514490664697153367667679939936374881220243775049933808546169661760,0.45,100.0,bid,1750218561349
25710935574867695279743917545485924741668079162095782936806777217229410741194,0.34,100.0,bid,1750218561349
19907336571514490664697153367667679939936374881220243775049933808546169661760,0.45,100.0,bid,1750218561672
25710935574867695279743917545485924741668079162095782936806777217229410741194,0.34,100.0,bid,1750218561672
19907336571514490664697153367667679939936374881220243775049933808546169661760,0.45,100.0,bid,1750218561757
25710935574867695279743917545485924741668079162095782936806777217229410741194,0.34,100.0,bid,1750218561757
19907336571514490664697153367667679939936374881220243775049933808546169661760,0.45,100.0,bid,1750218561975
25710935574867695279743917545485924741668079162095782936806777217229410741194,0.34,100.0,bid,1750218561975
19907336571514490664697153367667679939936374881220243775049933808546169661760,0.45,100.0,bid,1750218562078
25710935574867695279743917545485924741668079162095782936806777217229410741194,0.34,100.0,bid,1750218562078
19907336571514490664697153367667679939936374881220243775049933808546169661760,0.45,100.0,bid,1750218562206
25710935574867695279743917545485924741668079162095782936806777217229410741194,0.34,100.0,bid,1750218562206
19907336571514490664697153367667679939936374881220243775049933808546169661760,0.45,100.0,bid,1750218562961
25710935574867695279743917545485924741668079162095782936806777217229410741194,0.34,100.0,bid,1750218562961
19907336571514490664697153367667679939936374881220243775049933808546169661760,0.45,100.0,bid,1750218563055
25710935574867695279743917545485924741668079162095782936806777217229410741194,0.34,100.0,bid,1750218563055
19907336571514490664697153367667679939936374881220243775049933808546169661760,0.45,100.0,bid,1750218567283
25710935574867695279743917545485924741668079162095782936806777217229410741194,0.34,100.0,bid,1750218567283
19907336571514490664697153367667679939936374881220243775049933808546169661760,0.45,100.0,bid,1750218568793
25710935574867695279743917545485924741668079162095782936806777217229410741194,0.34,100.0,bid,1750218568793
19907336571514490664697153367667679939936374881220243775049933808546169661760,0.45,100.0,bid,1750218568915
25710935574867695279743917545485924741668079162095782936806777217229410741194,0.34,100.0,bid,1750218568915
19907336571514490664697153367667679939936374881220243775049933808546169661760,0.45,100.0,bid,1750218569099
25710935574867695279743917545485924741668079162095782936806777217229410741194,0.34,100.0,bid,1750218569099
19907336571514490664697153367667679939936374881220243775049933808546169661760,0.45,100.0,bid,1750218569181
25710935574867695279743917545485924741668079162095782936806777217229410741194,0.34,100.0,bid,1750218569181
19907336571514490664697153367667679939936374881220243775049933808546169661760,0.45,100.0,bid,1750218569590
25710935574867695279743917545485924741668079162095782936806777217229410741194,0.34,100.0,bid,1750218569590
19907336571514490664697153367667679939936374881220243775049933808546169661760,0.45,100.0,bid,1750218569890
25710935574867695279743917545485924741668079162095782936806777217229410741194,0.34,100.0,bid,1750218569890
19907336571514490664697153367667679939936374881220243775049933808546169661760,0.45,100.0,bid,1750218570304
25710935574867695279743917545485924741668079162095782936806777217229410741194,0.34,100.0,bid,1750218570304
19907336571514490664697153367667679939936374881220243775049933808546169661760,0.45,100.0,bid,1750218572714
25710935574867695279743917545485924741668079162095782936806777217229410741194,0.34,100.0,bid,1750218572714
19907336571514490664697153367667679939936374881220243775049933808546169661760,0.45,100.0,bid,1750218572794
25710935574867695279743917545485924741668079162095782936806777217229410741194,0.34,100.0,bid,1750218572794
19907336571514490664697153367667679939936374881220243775049933808546169661760,0.45,100.0,bid,1750218572888
25710935574867695279743917545485924741668079162095782936806777217229410741194,0.34,100.0,bid,1750218572888
19907336571514490664697153367667679939936374881220243775049933808546169661760,0.45,100.0,bid,1750218572983
25710935574867695279743917545485924741668079162095782936806777217229410741194,0.34,100.0,bid,1750218572983
19907336571514490664697153367667679939936374881220243775049933808546169661760,0.45,100.0,bid,1750218573201
25710935574867695279743917545485924741668079162095782936806777217229410741194,0.34,100.0,bid,1750218573201
19907336571514490664697153367667679939936374881220243775049933808546169661760,0.45,100.0,bid,1750218583324
25710935574867695279743917545485924741668079162095782936806777217229410741194,0.34,100.0,bid,1750218583324
25710935574867695279743917545485924741668079162095782936806777217229410741194,0.34,55.9,bid,1750218583547
19907336571514490664697153367667679939936374881220243775049933808546169661760,0.45,55.9,bid,1750218583547
19907336571514490664697153367667679939936374881220243775049933808546169661760,0.45,44.1,bid,1750218583547
25710935574867695279743917545485924741668079162095782936806777217229410741194,0.35,44.1,bid,1750218583547
25710935574867695279743917545485924741668079162095782936806777217229410741194,0.34,55.9,bid,1750218583837
19907336571514490664697153367667679939936374881220243775049933808546169661760,0.45,55.9,bid,1750218583837
19907336571514490664697153367667679939936374881220243775049933808546169661760,0.45,44.1,bid,1750218583837
25710935574867695279743917545485924741668079162095782936806777217229410741194,0.35,44.1,bid,1750218583837
25710935574867695279743917545485924741668079162095782936806777217229410741194,0.34,55.9,bid,1750218584526
19907336571514490664697153367667679939936374881220243775049933808546169661760,0.45,55.9,bid,1750218584526
19907336571514490664697153367667679939936374881220243775049933808546169661760,0.45,44.1,bid,1750218584526
25710935574867695279743917545485924741668079162095782936806777217229410741194,0.35,44.1,bid,1750218584526
25710935574867695279743917545485924741668079162095782936806777217229410741194,0.34,55.9,bid,1750218584847
19907336571514490664697153367667679939936374881220243775049933808546169661760,0.45,55.9,bid,1750218584847
19907336571514490664697153367667679939936374881220243775049933808546169661760,0.45,44.1,bid,1750218584847
25710935574867695279743917545485924741668079162095782936806777217229410741194,0.35,44.1,bid,1750218584847
25710935574867695279743917545485924741668079162095782936806777217229410741194,0.34,55.9,bid,1750218585996
19907336571514490664697153367667679939936374881220243775049933808546169661760,0.45,55.9,bid,1750218585996
19907336571514490664697153367667679939936374881220243775049933808546169661760,0.45,44.1,bid,1750218585996
25710935574867695279743917545485924741668079162095782936806777217229410741194,0.35,44.1,bid,1750218585996
25710935574867695279743917545485924741668079162095782936806777217229410741194,0.34,55.9,bid,1750218586275
19907336571514490664697153367667679939936374881220243775049933808546169661760,0.45,55.9,bid,1750218586275
19907336571514490664697153367667679939936374881220243775049933808546169661760,0.45,44.1,bid,1750218586275
25710935574867695279743917545485924741668079162095782936806777217229410741194,0.35,44.1,bid,1750218586275
25710935574867695279743917545485924741668079162095782936806777217229410741194,0.34,55.9,bid,1750218587057
19907336571514490664697153367667679939936374881220243775049933808546169661760,0.45,55.9,bid,1750218587057
19907336571514490664697153367667679939936374881220243775049933808546169661760,0.45,44.1,bid,1750218587057
25710935574867695279743917545485924741668079162095782936806777217229410741194,0.35,44.1,bid,1750218587057
25710935574867695279743917545485924741668079162095782936806777217229410741194,0.34,55.9,bid,1750218587255
19907336571514490664697153367667679939936374881220243775049933808546169661760,0.45,55.9,bid,1750218587255
19907336571514490664697153367667679939936374881220243775049933808546169661760,0.45,44.1,bid,1750218587255
25710935574867695279743917545485924741668079162095782936806777217229410741194,0.35,44.1,bid,1750218587255
25710935574867695279743917545485924741668079162095782936806777217229410741194,0.34,55.9,bid,1750218587356
19907336571514490664697153367667679939936374881220243775049933808546169661760,0.45,55.9,bid,1750218587356
19907336571514490664697153367667679939936374881220243775049933808546169661760,0.45,44.1,bid,1750218587356
25710935574867695279743917545485924741668079162095782936806777217229410741194,0.35,44.1,bid,1750218587356
25710935574867695279743917545485924741668079162095782936806777217229410741194,0.34,55.9,bid,1750218587439
19907336571514490664697153367667679939936374881220243775049933808546169661760,0.45,55.9,bid,1750218587439
19907336571514490664697153367667679939936374881220243775049933808546169661760,0.45,44.1,bid,1750218587439
25710935574867695279743917545485924741668079162095782936806777217229410741194,0.35,44.1,bid,1750218587439
25710935574867695279743917545485924741668079162095782936806777217229410741194,0.34,55.9,bid,1750218588350
19907336571514490664697153367667679939936374881220243775049933808546169661760,0.45,55.9,bid,1750218588350
19907336571514490664697153367667679939936374881220243775049933808546169661760,0.45,44.1,bid,1750218588350
25710935574867695279743917545485924741668079162095782936806777217229410741194,0.35,44.1,bid,1750218588350
25710935574867695279743917545485924741668079162095782936806777217229410741194,0.34,55.9,bid,1750218588864
19907336571514490664697153367667679939936374881220243775049933808546169661760,0.45,55.9,bid,1750218588864
19907336571514490664697153367667679939936374881220243775049933808546169661760,0.45,44.1,bid,1750218588864
25710935574867695279743917545485924741668079162095782936806777217229410741194,0.35,44.1,bid,1750218588864
25710935574867695279743917545485924741668079162095782936806777217229410741194,0.34,55.9,bid,1750218588968
19907336571514490664697153367667679939936374881220243775049933808546169661760,0.45,55.9,bid,1750218588968
19907336571514490664697153367667679939936374881220243775049933808546169661760,0.45,44.1,bid,1750218588968
25710935574867695279743917545485924741668079162095782936806777217229410741194,0.35,44.1,bid,1750218588968
25710935574867695279743917545485924741668079162095782936806777217229410741194,0.34,55.9,bid,1750218589074
19907336571514490664697153367667679939936374881220243775049933808546169661760,0.45,55.9,bid,1750218589074
19907336571514490664697153367667679939936374881220243775049933808546169661760,0.45,44.1,bid,1750218589074
25710935574867695279743917545485924741668079162095782936806777217229410741194,0.35,44.1,bid,1750218589074
25710935574867695279743917545485924741668079162095782936806777217229410741194,0.34,55.9,bid,1750218589192
19907336571514490664697153367667679939936374881220243775049933808546169661760,0.45,55.9,bid,1750218589192
19907336571514490664697153367667679939936374881220243775049933808546169661760,0.45,44.1,bid,1750218589192
25710935574867695279743917545485924741668079162095782936806777217229410741194,0.35,44.1,bid,1750218589192
25710935574867695279743917545485924741668079162095782936806777217229410741194,0.34,55.9,bid,1750218589294
19907336571514490664697153367667679939936374881220243775049933808546169661760,0.45,55.9,bid,1750218589294
19907336571514490664697153367667679939936374881220243775049933808546169661760,0.45,44.1,bid,1750218589294
25710935574867695279743917545485924741668079162095782936806777217229410741194,0.35,44.1,bid,1750218589294
25710935574867695279743917545485924741668079162095782936806777217229410741194,0.34,55.9,bid,1750218589375
19907336571514490664697153367667679939936374881220243775049933808546169661760,0.45,55.9,bid,1750218589375
19907336571514490664697153367667679939936374881220243775049933808546169661760,0.45,44.1,bid,1750218589375
25710935574867695279743917545485924741668079162095782936806777217229410741194,0.35,44.1,bid,1750218589375
19907336571514490664697153367667679939936374881220243775049933808546169661760,0.45,100.0,bid,1750218589851
25710935574867695279743917545485924741668079162095782936806777217229410741194,0.34,100.0,bid,1750218589851
19907336571514490664697153367667679939936374881220243775049933808546169661760,0.45,100.0,bid,1750218589971
25710935574867695279743917545485924741668079162095782936806777217229410741194,0.34,100.0,bid,1750218589971
19907336571514490664697153367667679939936374881220243775049933808546169661760,0.45,100.0,bid,1750218590054
25710935574867695279743917545485924741668079162095782936806777217229410741194,0.34,100.0,bid,1750218590054
19907336571514490664697153367667679939936374881220243775049933808546169661760,0.45,100.0,bid,1750218590263
25710935574867695279743917545485924741668079162095782936806777217229410741194,0.34,100.0,bid,1750218590263
19907336571514490664697153367667679939936374881220243775049933808546169661760,0.45,100.0,bid,1750218590570
25710935574867695279743917545485924741668079162095782936806777217229410741194,0.34,100.0,bid,1750218590570
19907336571514490664697153367667679939936374881220243775049933808546169661760,0.45,100.0,bid,1750218591820
25710935574867695279743917545485924741668079162095782936806777217229410741194,0.34,100.0,bid,1750218591820
19907336571514490664697153367667679939936374881220243775049933808546169661760,0.45,100.0,bid,1750218592217
25710935574867695279743917545485924741668079162095782936806777217229410741194,0.34,100.0,bid,1750218592217
19907336571514490664697153367667679939936374881220243775049933808546169661760,0.45,100.0,bid,1750218592319
25710935574867695279743917545485924741668079162095782936806777217229410741194,0.34,100.0,bid,1750218592319
19907336571514490664697153367667679939936374881220243775049933808546169661760,0.45,100.0,bid,1750218592985
25710935574867695279743917545485924741668079162095782936806777217229410741194,0.34,100.0,bid,1750218592985
19907336571514490664697153367667679939936374881220243775049933808546169661760,0.45,100.0,bid,1750218593080
25710935574867695279743917545485924741668079162095782936806777217229410741194,0.34,100.0,bid,1750218593080
19907336571514490664697153367667679939936374881220243775049933808546169661760,0.45,100.0,bid,1750218593415
25710935574867695279743917545485924741668079162095782936806777217229410741194,0.34,100.0,bid,1750218593415
19907336571514490664697153367667679939936374881220243775049933808546169661760,0.45,100.0,bid,1750218593509
25710935574867695279743917545485924741668079162095782936806777217229410741194,0.34,100.0,bid,1750218593509
19907336571514490664697153367667679939936374881220243775049933808546169661760,0.45,100.0,bid,1750218595088
25710935574867695279743917545485924741668079162095782936806777217229410741194,0.34,100.0,bid,1750218595088
19907336571514490664697153367667679939936374881220243775049933808546169661760,0.45,100.0,bid,1750218600706
25710935574867695279743917545485924741668079162095782936806777217229410741194,0.34,100.0,bid,1750218600706
19907336571514490664697153367667679939936374881220243775049933808546169661760,0.45,100.0,bid,1750218602914
25710935574867695279743917545485924741668079162095782936806777217229410741194,0.34,100.0,bid,1750218602914
19907336571514490664697153367667679939936374881220243775049933808546169661760,0.45,100.0,bid,1750218603211
25710935574867695279743917545485924741668079162095782936806777217229410741194,0.34,100.0,bid,1750218603211
19907336571514490664697153367667679939936374881220243775049933808546169661760,0.45,100.0,bid,1750218606175
25710935574867695279743917545485924741668079162095782936806777217229410741194,0.34,100.0,bid,1750218606175
25710935574867695279743917545485924741668079162095782936806777217229410741194,0.34,55.9,bid,1750218606452
19907336571514490664697153367667679939936374881220243775049933808546169661760,0.45,55.9,bid,1750218606452
19907336571514490664697153367667679939936374881220243775049933808546169661760,0.45,44.1,bid,1750218606452
25710935574867695279743917545485924741668079162095782936806777217229410741194,0.35,44.1,bid,1750218606452
25710935574867695279743917545485924741668079162095782936806777217229410741194,0.34,55.9,bid,1750218606800
19907336571514490664697153367667679939936374881220243775049933808546169661760,0.45,55.9,bid,1750218606800
19907336571514490664697153367667679939936374881220243775049933808546169661760,0.45,44.1,bid,1750218606800
25710935574867695279743917545485924741668079162095782936806777217229410741194,0.35,44.1,bid,1750218606800
25710935574867695279743917545485924741668079162095782936806777217229410741194,0.34,55.9,bid,1750218610853
19907336571514490664697153367667679939936374881220243775049933808546169661760,0.45,55.9,bid,1750218610853
19907336571514490664697153367667679939936374881220243775049933808546169661760,0.45,44.1,bid,1750218610853
25710935574867695279743917545485924741668079162095782936806777217229410741194,0.35,44.1,bid,1750218610853
25710935574867695279743917545485924741668079162095782936806777217229410741194,0.34,55.9,bid,1750218610979
19907336571514490664697153367667679939936374881220243775049933808546169661760,0.45,55.9,bid,1750218610979
19907336571514490664697153367667679939936374881220243775049933808546169661760,0.45,44.1,bid,1750218610979
25710935574867695279743917545485924741668079162095782936806777217229410741194,0.35,44.1,bid,1750218610979
25710935574867695279743917545485924741668079162095782936806777217229410741194,0.34,55.9,bid,1750218611076
19907336571514490664697153367667679939936374881220243775049933808546169661760,0.45,55.9,bid,1750218611076
19907336571514490664697153367667679939936374881220243775049933808546169661760,0.45,44.1,bid,1750218611076
25710935574867695279743917545485924741668079162095782936806777217229410741194,0.35,44.1,bid,1750218611076
25710935574867695279743917545485924741668079162095782936806777217229410741194,0.34,55.9,bid,1750218611183
19907336571514490664697153367667679939936374881220243775049933808546169661760,0.45,55.9,bid,1750218611183
19907336571514490664697153367667679939936374881220243775049933808546169661760,0.45,44.1,bid,1750218611183
25710935574867695279743917545485924741668079162095782936806777217229410741194,0.35,44.1,bid,1750218611183
25710935574867695279743917545485924741668079162095782936806777217229410741194,0.34,55.9,bid,1750218611505
19907336571514490664697153367667679939936374881220243775049933808546169661760,0.45,55.9,bid,1750218611505
19907336571514490664697153367667679939936374881220243775049933808546169661760,0.45,44.1,bid,1750218611505
25710935574867695279743917545485924741668079162095782936806777217229410741194,0.35,44.1,bid,1750218611505
25710935574867695279743917545485924741668079162095782936806777217229410741194,0.34,55.9,bid,1750218612539
19907336571514490664697153367667679939936374881220243775049933808546169661760,0.45,55.9,bid,1750218612539
19907336571514490664697153367667679939936374881220243775049933808546169661760,0.45,44.1,bid,1750218612539
25710935574867695279743917545485924741668079162095782936806777217229410741194,0.35,44.1,bid,1750218612539
25710935574867695279743917545485924741668079162095782936806777217229410741194,0.34,55.9,bid,1750218624718
19907336571514490664697153367667679939936374881220243775049933808546169661760,0.45,55.9,bid,1750218624718
19907336571514490664697153367667679939936374881220243775049933808546169661760,0.45,44.1,bid,1750218624718
25710935574867695279743917545485924741668079162095782936806777217229410741194,0.35,44.1,bid,1750218624718
25710935574867695279743917545485924741668079162095782936806777217229410741194,0.34,55.9,bid,1750218624937
19907336571514490664697153367667679939936374881220243775049933808546169661760,0.45,55.9,bid,1750218624937
19907336571514490664697153367667679939936374881220243775049933808546169661760,0.45,44.1,bid,1750218624937
25710935574867695279743917545485924741668079162095782936806777217229410741194,0.35,44.1,bid,1750218624937
25710935574867695279743917545485924741668079162095782936806777217229410741194,0.34,55.9,bid,1750218625038
19907336571514490664697153367667679939936374881220243775049933808546169661760,0.45,55.9,bid,1750218625038
19907336571514490664697153367667679939936374881220243775049933808546169661760,0.45,44.1,bid,1750218625038
25710935574867695279743917545485924741668079162095782936806777217229410741194,0.35,44.1,bid,1750218625038
25710935574867695279743917545485924741668079162095782936806777217229410741194,0.34,55.9,bid,1750218625351
19907336571514490664697153367667679939936374881220243775049933808546169661760,0.45,55.9,bid,1750218625351
19907336571514490664697153367667679939936374881220243775049933808546169661760,0.45,44.1,bid,1750218625351
25710935574867695279743917545485924741668079162095782936806777217229410741194,0.35,44.1,bid,1750218625351
25710935574867695279743917545485924741668079162095782936806777217229410741194,0.34,55.9,bid,1750218626642
19907336571514490664697153367667679939936374881220243775049933808546169661760,0.45,55.9,bid,1750218626642
19907336571514490664697153367667679939936374881220243775049933808546169661760,0.45,44.1,bid,1750218626642
25710935574867695279743917545485924741668079162095782936806777217229410741194,0.35,44.1,bid,1750218626642
25710935574867695279743917545485924741668079162095782936806777217229410741194,0.34,55.9,bid,1750218626732
19907336571514490664697153367667679939936374881220243775049933808546169661760,0.45,55.9,bid,1750218626732
19907336571514490664697153367667679939936374881220243775049933808546169661760,0.45,44.1,bid,1750218626732
25710935574867695279743917545485924741668079162095782936806777217229410741194,0.35,44.1,bid,1750218626732
25710935574867695279743917545485924741668079162095782936806777217229410741194,0.34,55.9,bid,1750218626842
19907336571514490664697153367667679939936374881220243775049933808546169661760,0.45,55.9,bid,1750218626842
19907336571514490664697153367667679939936374881220243775049933808546169661760,0.45,44.1,bid,1750218626842
25710935574867695279743917545485924741668079162095782936806777217229410741194,0.35,44.1,bid,1750218626842
25710935574867695279743917545485924741668079162095782936806777217229410741194,0.34,55.9,bid,1750218627044
19907336571514490664697153367667679939936374881220243775049933808546169661760,0.45,55.9,bid,1750218627044
19907336571514490664697153367667679939936374881220243775049933808546169661760,0.45,44.1,bid,1750218627044
25710935574867695279743917545485924741668079162095782936806777217229410741194,0.35,44.1,bid,1750218627044
25710935574867695279743917545485924741668079162095782936806777217229410741194,0.34,55.9,bid,1750218628649
19907336571514490664697153367667679939936374881220243775049933808546169661760,0.45,55.9,bid,1750218628649
19907336571514490664697153367667679939936374881220243775049933808546169661760,0.45,44.1,bid,1750218628649
25710935574867695279743917545485924741668079162095782936806777217229410741194,0.35,44.1,bid,1750218628649
25710935574867695279743917545485924741668079162095782936806777217229410741194,0.34,55.9,bid,1750218628802
19907336571514490664697153367667679939936374881220243775049933808546169661760,0.45,55.9,bid,1750218628802
19907336571514490664697153367667679939936374881220243775049933808546169661760,0.45,44.1,bid,1750218628802
25710935574867695279743917545485924741668079162095782936806777217229410741194,0.35,44.1,bid,1750218628802
25710935574867695279743917545485924741668079162095782936806777217229410741194,0.34,55.9,bid,1750218628849
19907336571514490664697153367667679939936374881220243775049933808546169661760,0.45,55.9,bid,1750218628849
25710935574867695279743917545485924741668079162095782936806777217229410741194,0.34,55.9,bid,1750218628951
19907336571514490664697153367667679939936374881220243775049933808546169661760,0.45,55.9,bid,1750218628951
25710935574867695279743917545485924741668079162095782936806777217229410741194,0.34,55.9,bid,1750218629039
19907336571514490664697153367667679939936374881220243775049933808546169661760,0.45,55.9,bid,1750218629039
25710935574867695279743917545485924741668079162095782936806777217229410741194,0.34,55.9,bid,1750218629142
19907336571514490664697153367667679939936374881220243775049933808546169661760,0.45,55.9,bid,1750218629142
25710935574867695279743917545485924741668079162095782936806777217229410741194,0.34,55.9,bid,1750218629257
19907336571514490664697153367667679939936374881220243775049933808546169661760,0.45,55.9,bid,1750218629257
25710935574867695279743917545485924741668079162095782936806777217229410741194,0.34,55.9,bid,1750218630616
19907336571514490664697153367667679939936374881220243775049933808546169661760,0.45,55.9,bid,1750218630616
25710935574867695279743917545485924741668079162095782936806777217229410741194,0.34,55.9,bid,1750218630672
19907336571514490664697153367667679939936374881220243775049933808546169661760,0.45,55.9,bid,1750218630672
25710935574867695279743917545485924741668079162095782936806777217229410741194,0.34,55.9,bid,1750218630760
19907336571514490664697153367667679939936374881220243775049933808546169661760,0.45,55.9,bid,1750218630760
19907336571514490664697153367667679939936374881220243775049933808546169661760,0.45,44.1,bid,1750218630760
25710935574867695279743917545485924741668079162095782936806777217229410741194,0.35,44.1,bid,1750218630760
25710935574867695279743917545485924741668079162095782936806777217229410741194,0.33,32.43,bid,1750218725214
19907336571514490664697153367667679939936374881220243775049933808546169661760,0.45,32.43,bid,1750218725214
25710935574867695279743917545485924741668079162095782936806777217229410741194,0.33,32.43,bid,1750218725300
19907336571514490664697153367667679939936374881220243775049933808546169661760,0.45,32.43,bid,1750218725300
25710935574867695279743917545485924741668079162095782936806777217229410741194,0.33,32.43,bid,1750218728967
19907336571514490664697153367667679939936374881220243775049933808546169661760,0.45,32.43,bid,1750218728967
25710935574867695279743917545485924741668079162095782936806777217229410741194,0.33,32.43,bid,1750218729073
19907336571514490664697153367667679939936374881220243775049933808546169661760,0.45,32.43,bid,1750218729073
25710935574867695279743917545485924741668079162095782936806777217229410741194,0.33,32.43,bid,1750218729240
19907336571514490664697153367667679939936374881220243775049933808546169661760,0.45,32.43,bid,1750218729240
25710935574867695279743917545485924741668079162095782936806777217229410741194,0.33,32.43,bid,1750218729664
19907336571514490664697153367667679939936374881220243775049933808546169661760,0.45,32.43,bid,1750218729664
25710935574867695279743917545485924741668079162095782936806777217229410741194,0.33,32.43,bid,1750218730152
19907336571514490664697153367667679939936374881220243775049933808546169661760,0.45,32.43,bid,1750218730152
25710935574867695279743917545485924741668079162095782936806777217229410741194,0.33,32.43,bid,1750218730237
19907336571514490664697153367667679939936374881220243775049933808546169661760,0.45,32.43,bid,1750218730237
25710935574867695279743917545485924741668079162095782936806777217229410741194,0.33,32.43,bid,1750218730421
19907336571514490664697153367667679939936374881220243775049933808546169661760,0.45,32.43,bid,1750218730421
25710935574867695279743917545485924741668079162095782936806777217229410741194,0.33,17.27,bid,1750218731240
19907336571514490664697153367667679939936374881220243775049933808546169661760,0.45,17.27,bid,1750218731240
25710935574867695279743917545485924741668079162095782936806777217229410741194,0.33,17.27,bid,1750218731527
19907336571514490664697153367667679939936374881220243775049933808546169661760,0.45,17.27,bid,1750218731527
25710935574867695279743917545485924741668079162095782936806777217229410741194,0.33,17.27,bid,1750218732431
19907336571514490664697153367667679939936374881220243775049933808546169661760,0.45,17.27,bid,1750218732431
25710935574867695279743917545485924741668079162095782936806777217229410741194,0.33,17.27,bid,1750218733065
19907336571514490664697153367667679939936374881220243775049933808546169661760,0.45,17.27,bid,1750218733065
25710935574867695279743917545485924741668079162095782936806777217229410741194,0.33,17.27,bid,1750218733444
19907336571514490664697153367667679939936374881220243775049933808546169661760,0.45,17.27,bid,1750218733444
25710935574867695279743917545485924741668079162095782936806777217229410741194,0.33,17.27,bid,1750218734338
19907336571514490664697153367667679939936374881220243775049933808546169661760,0.45,17.27,bid,1750218734338
25710935574867695279743917545485924741668079162095782936806777217229410741194,0.33,17.27,bid,1750218734733
19907336571514490664697153367667679939936374881220243775049933808546169661760,0.45,17.27,bid,1750218734733
25710935574867695279743917545485924741668079162095782936806777217229410741194,0.33,17.27,bid,1750218734839
19907336571514490664697153367667679939936374881220243775049933808546169661760,0.45,17.27,bid,1750218734839
25710935574867695279743917545485924741668079162095782936806777217229410741194,0.33,17.27,bid,1750218735033
19907336571514490664697153367667679939936374881220243775049933808546169661760,0.45,17.27,bid,1750218735033
25710935574867695279743917545485924741668079162095782936806777217229410741194,0.33,17.27,bid,1750218735240
19907336571514490664697153367667679939936374881220243775049933808546169661760,0.45,17.27,bid,1750218735240
19907336571514490664697153367667679939936374881220243775049933808546169661760,0.45,82.73,bid,1750218735240
25710935574867695279743917545485924741668079162095782936806777217229410741194,0.34,82.73,bid,1750218735240
25710935574867695279743917545485924741668079162095782936806777217229410741194,0.33,17.27,bid,1750218735345
19907336571514490664697153367667679939936374881220243775049933808546169661760,0.45,17.27,bid,1750218735345
19907336571514490664697153367667679939936374881220243775049933808546169661760,0.45,82.73,bid,1750218735345
25710935574867695279743917545485924741668079162095782936806777217229410741194,0.34,82.73,bid,1750218735345
25710935574867695279743917545485924741668079162095782936806777217229410741194,0.33,17.27,bid,1750218735447
19907336571514490664697153367667679939936374881220243775049933808546169661760,0.45,17.27,bid,1750218735447
19907336571514490664697153367667679939936374881220243775049933808546169661760,0.45,82.73,bid,1750218735447
25710935574867695279743917545485924741668079162095782936806777217229410741194,0.34,82.73,bid,1750218735447
25710935574867695279743917545485924741668079162095782936806777217229410741194,0.33,17.27,bid,1750218735540
19907336571514490664697153367667679939936374881220243775049933808546169661760,0.45,17.27,bid,1750218735540
19907336571514490664697153367667679939936374881220243775049933808546169661760,0.45,82.73,bid,1750218735540
25710935574867695279743917545485924741668079162095782936806777217229410741194,0.34,82.73,bid,1750218735540
25710935574867695279743917545485924741668079162095782936806777217229410741194,0.33,17.27,bid,1750218735762
19907336571514490664697153367667679939936374881220243775049933808546169661760,0.45,17.27,bid,1750218735762
19907336571514490664697153367667679939936374881220243775049933808546169661760,0.45,82.73,bid,1750218735762
25710935574867695279743917545485924741668079162095782936806777217229410741194,0.34,82.73,bid,1750218735762
25710935574867695279743917545485924741668079162095782936806777217229410741194,0.33,17.27,bid,1750218737071
19907336571514490664697153367667679939936374881220243775049933808546169661760,0.45,17.27,bid,1750218737071
19907336571514490664697153367667679939936374881220243775049933808546169661760,0.45,82.73,bid,1750218737071
25710935574867695279743917545485924741668079162095782936806777217229410741194,0.34,82.73,bid,1750218737071
25710935574867695279743917545485924741668079162095782936806777217229410741194,0.33,17.27,bid,1750218737642
19907336571514490664697153367667679939936374881220243775049933808546169661760,0.45,17.27,bid,1750218737642
19907336571514490664697153367667679939936374881220243775049933808546169661760,0.45,82.73,bid,1750218737642
25710935574867695279743917545485924741668079162095782936806777217229410741194,0.34,82.73,bid,1750218737642
25710935574867695279743917545485924741668079162095782936806777217229410741194,0.33,17.27,bid,1750218737748
19907336571514490664697153367667679939936374881220243775049933808546169661760,0.45,17.27,bid,1750218737748
19907336571514490664697153367667679939936374881220243775049933808546169661760,0.45,82.73,bid,1750218737748
25710935574867695279743917545485924741668079162095782936806777217229410741194,0.34,82.73,bid,1750218737748
25710935574867695279743917545485924741668079162095782936806777217229410741194,0.33,17.27,bid,1750218737848
19907336571514490664697153367667679939936374881220243775049933808546169661760,0.45,17.27,bid,1750218737848
19907336571514490664697153367667679939936374881220243775049933808546169661760,0.45,82.73,bid,1750218737848
25710935574867695279743917545485924741668079162095782936806777217229410741194,0.34,82.73,bid,1750218737848
25710935574867695279743917545485924741668079162095782936806777217229410741194,0.33,17.27,bid,1750218738057
19907336571514490664697153367667679939936374881220243775049933808546169661760,0.45,17.27,bid,1750218738057
19907336571514490664697153367667679939936374881220243775049933808546169661760,0.45,82.73,bid,1750218738057
25710935574867695279743917545485924741668079162095782936806777217229410741194,0.34,82.73,bid,1750218738057
25710935574867695279743917545485924741668079162095782936806777217229410741194,0.33,17.27,bid,1750218739668
19907336571514490664697153367667679939936374881220243775049933808546169661760,0.45,17.27,bid,1750218739668
19907336571514490664697153367667679939936374881220243775049933808546169661760,0.45,82.73,bid,1750218739668
25710935574867695279743917545485924741668079162095782936806777217229410741194,0.34,82.73,bid,1750218739668
25710935574867695279743917545485924741668079162095782936806777217229410741194,0.33,17.27,bid,1750218742619
19907336571514490664697153367667679939936374881220243775049933808546169661760,0.45,17.27,bid,1750218742619
19907336571514490664697153367667679939936374881220243775049933808546169661760,0.45,82.73,bid,1750218742619
25710935574867695279743917545485924741668079162095782936806777217229410741194,0.34,82.73,bid,1750218742619
25710935574867695279743917545485924741668079162095782936806777217229410741194,0.33,17.27,bid,1750218751813
19907336571514490664697153367667679939936374881220243775049933808546169661760,0.45,17.27,bid,1750218751813
19907336571514490664697153367667679939936374881220243775049933808546169661760,0.45,82.73,bid,1750218751813
25710935574867695279743917545485924741668079162095782936806777217229410741194,0.34,82.73,bid,1750218751813
25710935574867695279743917545485924741668079162095782936806777217229410741194,0.33,17.27,bid,1750218752712
19907336571514490664697153367667679939936374881220243775049933808546169661760,0.45,17.27,bid,1750218752712
19907336571514490664697153367667679939936374881220243775049933808546169661760,0.45,82.73,bid,1750218752712
25710935574867695279743917545485924741668079162095782936806777217229410741194,0.34,82.73,bid,1750218752712
25710935574867695279743917545485924741668079162095782936806777217229410741194,0.33,17.27,bid,1750218752819
19907336571514490664697153367667679939936374881220243775049933808546169661760,0.45,17.27,bid,1750218752819
19907336571514490664697153367667679939936374881220243775049933808546169661760,0.45,82.73,bid,1750218752819
25710935574867695279743917545485924741668079162095782936806777217229410741194,0.34,82.73,bid,1750218752819
25710935574867695279743917545485924741668079162095782936806777217229410741194,0.33,17.27,bid,1750218753425
19907336571514490664697153367667679939936374881220243775049933808546169661760,0.45,17.27,bid,1750218753425
19907336571514490664697153367667679939936374881220243775049933808546169661760,0.45,82.73,bid,1750218753425
25710935574867695279743917545485924741668079162095782936806777217229410741194,0.34,82.73,bid,1750218753425
25710935574867695279743917545485924741668079162095782936806777217229410741194,0.33,17.27,bid,1750218753539
19907336571514490664697153367667679939936374881220243775049933808546169661760,0.45,17.27,bid,1750218753539
19907336571514490664697153367667679939936374881220243775049933808546169661760,0.45,82.73,bid,1750218753539
25710935574867695279743917545485924741668079162095782936806777217229410741194,0.34,82.73,bid,1750218753539
25710935574867695279743917545485924741668079162095782936806777217229410741194,0.33,17.27,bid,1750218774506
19907336571514490664697153367667679939936374881220243775049933808546169661760,0.45,17.27,bid,1750218774506
19907336571514490664697153367667679939936374881220243775049933808546169661760,0.45,82.73,bid,1750218774506
25710935574867695279743917545485924741668079162095782936806777217229410741194,0.34,82.73,bid,1750218774506
25710935574867695279743917545485924741668079162095782936806777217229410741194,0.33,17.27,bid,1750218774700
19907336571514490664697153367667679939936374881220243775049933808546169661760,0.45,17.27,bid,1750218774700
19907336571514490664697153367667679939936374881220243775049933808546169661760,0.45,82.73,bid,1750218774700
25710935574867695279743917545485924741668079162095782936806777217229410741194,0.34,82.73,bid,1750218774700
25710935574867695279743917545485924741668079162095782936806777217229410741194,0.33,17.27,bid,1750218777121
19907336571514490664697153367667679939936374881220243775049933808546169661760,0.45,17.27,bid,1750218777121
19907336571514490664697153367667679939936374881220243775049933808546169661760,0.45,82.73,bid,1750218777121
25710935574867695279743917545485924741668079162095782936806777217229410741194,0.34,82.73,bid,1750218777121
25710935574867695279743917545485924741668079162095782936806777217229410741194,0.33,17.27,bid,1750218780019
19907336571514490664697153367667679939936374881220243775049933808546169661760,0.45,17.27,bid,1750218780019
19907336571514490664697153367667679939936374881220243775049933808546169661760,0.45,82.73,bid,1750218780019
25710935574867695279743917545485924741668079162095782936806777217229410741194,0.34,82.73,bid,1750218780019
25710935574867695279743917545485924741668079162095782936806777217229410741194,0.33,17.27,bid,1750218780506
19907336571514490664697153367667679939936374881220243775049933808546169661760,0.45,17.27,bid,1750218780506
19907336571514490664697153367667679939936374881220243775049933808546169661760,0.45,82.73,bid,1750218780506
25710935574867695279743917545485924741668079162095782936806777217229410741194,0.34,82.73,bid,1750218780506
25710935574867695279743917545485924741668079162095782936806777217229410741194,0.33,17.27,bid,1750218781399
19907336571514490664697153367667679939936374881220243775049933808546169661760,0.45,17.27,bid,1750218781399
19907336571514490664697153367667679939936374881220243775049933808546169661760,0.45,82.73,bid,1750218781399
25710935574867695279743917545485924741668079162095782936806777217229410741194,0.34,82.73,bid,1750218781399
25710935574867695279743917545485924741668079162095782936806777217229410741194,0.33,17.27,bid,1750218783026
19907336571514490664697153367667679939936374881220243775049933808546169661760,0.45,17.27,bid,1750218783026
19907336571514490664697153367667679939936374881220243775049933808546169661760,0.45,82.73,bid,1750218783026
25710935574867695279743917545485924741668079162095782936806777217229410741194,0.34,82.73,bid,1750218783026
25710935574867695279743917545485924741668079162095782936806777217229410741194,0.33,17.27,bid,1750218783124
19907336571514490664697153367667679939936374881220243775049933808546169661760,0.45,17.27,bid,1750218783124
19907336571514490664697153367667679939936374881220243775049933808546169661760,0.45,82.73,bid,1750218783124
25710935574867695279743917545485924741668079162095782936806777217229410741194,0.34,82.73,bid,1750218783124
25710935574867695279743917545485924741668079162095782936806777217229410741194,0.33,17.27,bid,1750218783225
19907336571514490664697153367667679939936374881220243775049933808546169661760,0.45,17.27,bid,1750218783225
19907336571514490664697153367667679939936374881220243775049933808546169661760,0.45,82.73,bid,1750218783225
25710935574867695279743917545485924741668079162095782936806777217229410741194,0.34,82.73,bid,1750218783225
25710935574867695279743917545485924741668079162095782936806777217229410741194,0.33,17.27,bid,1750218783323
19907336571514490664697153367667679939936374881220243775049933808546169661760,0.45,17.27,bid,1750218783323
19907336571514490664697153367667679939936374881220243775049933808546169661760,0.45,82.73,bid,1750218783323
25710935574867695279743917545485924741668079162095782936806777217229410741194,0.34,82.73,bid,1750218783323
25710935574867695279743917545485924741668079162095782936806777217229410741194,0.33,17.27,bid,1750218783421
19907336571514490664697153367667679939936374881220243775049933808546169661760,0.45,17.27,bid,1750218783421
19907336571514490664697153367667679939936374881220243775049933808546169661760,0.45,82.73,bid,1750218783421
25710935574867695279743917545485924741668079162095782936806777217229410741194,0.34,82.73,bid,1750218783421
25710935574867695279743917545485924741668079162095782936806777217229410741194,0.33,17.27,bid,1750218783820
19907336571514490664697153367667679939936374881220243775049933808546169661760,0.45,17.27,bid,1750218783820
19907336571514490664697153367667679939936374881220243775049933808546169661760,0.45,82.73,bid,1750218783820
25710935574867695279743917545485924741668079162095782936806777217229410741194,0.34,82.73,bid,1750218783820
25710935574867695279743917545485924741668079162095782936806777217229410741194,0.33,17.27,bid,1750218783935
19907336571514490664697153367667679939936374881220243775049933808546169661760,0.45,17.27,bid,1750218783935
25710935574867695279743917545485924741668079162095782936806777217229410741194,0.33,17.27,bid,1750218784107
19907336571514490664697153367667679939936374881220243775049933808546169661760,0.45,17.27,bid,1750218784107
25710935574867695279743917545485924741668079162095782936806777217229410741194,0.34,24.89,bid,1750218784107
19907336571514490664697153367667679939936374881220243775049933808546169661760,0.45,24.89,bid,1750218784107
19907336571514490664697153367667679939936374881220243775049933808546169661760,0.45,57.84,bid,1750218784107
25710935574867695279743917545485924741668079162095782936806777217229410741194,0.35,57.84,bid,1750218784107
25710935574867695279743917545485924741668079162095782936806777217229410741194,0.33,17.27,bid,1750218784442
19907336571514490664697153367667679939936374881220243775049933808546169661760,0.45,17.27,bid,1750218784442
25710935574867695279743917545485924741668079162095782936806777217229410741194,0.34,24.89,bid,1750218784442
19907336571514490664697153367667679939936374881220243775049933808546169661760,0.45,24.89,bid,1750218784442
19907336571514490664697153367667679939936374881220243775049933808546169661760,0.45,57.84,bid,1750218784442
25710935574867695279743917545485924741668079162095782936806777217229410741194,0.35,57.84,bid,1750218784442
25710935574867695279743917545485924741668079162095782936806777217229410741194,0.33,17.27,bid,1750218785358
19907336571514490664697153367667679939936374881220243775049933808546169661760,0.45,17.27,bid,1750218785358
25710935574867695279743917545485924741668079162095782936806777217229410741194,0.34,24.89,bid,1750218785358
19907336571514490664697153367667679939936374881220243775049933808546169661760,0.45,24.89,bid,1750218785358
19907336571514490664697153367667679939936374881220243775049933808546169661760,0.45,57.84,bid,1750218785358
25710935574867695279743917545485924741668079162095782936806777217229410741194,0.35,57.84,bid,1750218785358
25710935574867695279743917545485924741668079162095782936806777217229410741194,0.33,17.27,bid,1750218786243
19907336571514490664697153367667679939936374881220243775049933808546169661760,0.45,17.27,bid,1750218786243
25710935574867695279743917545485924741668079162095782936806777217229410741194,0.34,24.89,bid,1750218786243
19907336571514490664697153367667679939936374881220243775049933808546169661760,0.45,24.89,bid,1750218786243
19907336571514490664697153367667679939936374881220243775049933808546169661760,0.45,57.84,bid,1750218786243
25710935574867695279743917545485924741668079162095782936806777217229410741194,0.35,57.84,bid,1750218786243
25710935574867695279743917545485924741668079162095782936806777217229410741194,0.33,17.27,bid,1750218786515
19907336571514490664697153367667679939936374881220243775049933808546169661760,0.45,17.27,bid,1750218786515
25710935574867695279743917545485924741668079162095782936806777217229410741194,0.34,24.89,bid,1750218786515
19907336571514490664697153367667679939936374881220243775049933808546169661760,0.45,24.89,bid,1750218786515
19907336571514490664697153367667679939936374881220243775049933808546169661760,0.45,57.84,bid,1750218786515
25710935574867695279743917545485924741668079162095782936806777217229410741194,0.35,57.84,bid,1750218786515
25710935574867695279743917545485924741668079162095782936806777217229410741194,0.33,17.27,bid,1750218787728
19907336571514490664697153367667679939936374881220243775049933808546169661760,0.45,17.27,bid,1750218787728
25710935574867695279743917545485924741668079162095782936806777217229410741194,0.34,24.89,bid,1750218787728
19907336571514490664697153367667679939936374881220243775049933808546169661760,0.45,24.89,bid,1750218787728
19907336571514490664697153367667679939936374881220243775049933808546169661760,0.45,57.84,bid,1750218787728
25710935574867695279743917545485924741668079162095782936806777217229410741194,0.35,57.84,bid,1750218787728
25710935574867695279743917545485924741668079162095782936806777217229410741194,0.33,17.27,bid,1750218788321
19907336571514490664697153367667679939936374881220243775049933808546169661760,0.45,17.27,bid,1750218788321
25710935574867695279743917545485924741668079162095782936806777217229410741194,0.34,24.89,bid,1750218788321
19907336571514490664697153367667679939936374881220243775049933808546169661760,0.45,24.89,bid,1750218788321
19907336571514490664697153367667679939936374881220243775049933808546169661760,0.45,57.84,bid,1750218788321
25710935574867695279743917545485924741668079162095782936806777217229410741194,0.35,57.84,bid,1750218788321
25710935574867695279743917545485924741668079162095782936806777217229410741194,0.33,17.27,bid,1750218788831
19907336571514490664697153367667679939936374881220243775049933808546169661760,0.45,17.27,bid,1750218788831
19907336571514490664697153367667679939936374881220243775049933808546169661760,0.45,82.73,bid,1750218788831
25710935574867695279743917545485924741668079162095782936806777217229410741194,0.34,82.73,bid,1750218788831
25710935574867695279743917545485924741668079162095782936806777217229410741194,0.33,17.27,bid,1750218788922
19907336571514490664697153367667679939936374881220243775049933808546169661760,0.45,17.27,bid,1750218788922
19907336571514490664697153367667679939936374881220243775049933808546169661760,0.45,82.73,bid,1750218788922
25710935574867695279743917545485924741668079162095782936806777217229410741194,0.34,82.73,bid,1750218788922
25710935574867695279743917545485924741668079162095782936806777217229410741194,0.33,17.27,bid,1750218789137
19907336571514490664697153367667679939936374881220243775049933808546169661760,0.45,17.27,bid,1750218789137
19907336571514490664697153367667679939936374881220243775049933808546169661760,0.45,82.73,bid,1750218789137
25710935574867695279743917545485924741668079162095782936806777217229410741194,0.34,82.73,bid,1750218789137
25710935574867695279743917545485924741668079162095782936806777217229410741194,0.33,17.27,bid,1750218789318
19907336571514490664697153367667679939936374881220243775049933808546169661760,0.45,17.27,bid,1750218789318
19907336571514490664697153367667679939936374881220243775049933808546169661760,0.45,82.73,bid,1750218789318
25710935574867695279743917545485924741668079162095782936806777217229410741194,0.34,82.73,bid,1750218789318
25710935574867695279743917545485924741668079162095782936806777217229410741194,0.33,17.27,bid,1750218790231
19907336571514490664697153367667679939936374881220243775049933808546169661760,0.45,17.27,bid,1750218790231
19907336571514490664697153367667679939936374881220243775049933808546169661760,0.45,82.73,bid,1750218790231
25710935574867695279743917545485924741668079162095782936806777217229410741194,0.34,82.73,bid,1750218790231
25710935574867695279743917545485924741668079162095782936806777217229410741194,0.33,17.27,bid,1750218790445
19907336571514490664697153367667679939936374881220243775049933808546169661760,0.45,17.27,bid,1750218790445
19907336571514490664697153367667679939936374881220243775049933808546169661760,0.45,82.73,bid,1750218790445
25710935574867695279743917545485924741668079162095782936806777217229410741194,0.34,82.73,bid,1750218790445
25710935574867695279743917545485924741668079162095782936806777217229410741194,0.33,17.27,bid,1750218793541
19907336571514490664697153367667679939936374881220243775049933808546169661760,0.45,17.27,bid,1750218793541
19907336571514490664697153367667679939936374881220243775049933808546169661760,0.45,82.73,bid,1750218793541
25710935574867695279743917545485924741668079162095782936806777217229410741194,0.34,82.73,bid,1750218793541
25710935574867695279743917545485924741668079162095782936806777217229410741194,0.33,17.27,bid,1750218806595
19907336571514490664697153367667679939936374881220243775049933808546169661760,0.45,17.27,bid,1750218806595
19907336571514490664697153367667679939936374881220243775049933808546169661760,0.45,82.73,bid,1750218806595
25710935574867695279743917545485924741668079162095782936806777217229410741194,0.34,82.73,bid,1750218806595
25710935574867695279743917545485924741668079162095782936806777217229410741194,0.33,17.27,bid,1750218806798
19907336571514490664697153367667679939936374881220243775049933808546169661760,0.45,17.27,bid,1750218806798
19907336571514490664697153367667679939936374881220243775049933808546169661760,0.45,82.73,bid,1750218806798
25710935574867695279743917545485924741668079162095782936806777217229410741194,0.34,82.73,bid,1750218806798
25710935574867695279743917545485924741668079162095782936806777217229410741194,0.33,17.27,bid,1750218806898
19907336571514490664697153367667679939936374881220243775049933808546169661760,0.45,17.27,bid,1750218806898
25710935574867695279743917545485924741668079162095782936806777217229410741194,0.34,24.89,bid,1750218806898
19907336571514490664697153367667679939936374881220243775049933808546169661760,0.45,24.89,bid,1750218806898
19907336571514490664697153367667679939936374881220243775049933808546169661760,0.45,57.84,bid,1750218806898
25710935574867695279743917545485924741668079162095782936806777217229410741194,0.35,57.84,bid,1750218806898
25710935574867695279743917545485924741668079162095782936806777217229410741194,0.33,17.27,bid,1750218807104
19907336571514490664697153367667679939936374881220243775049933808546169661760,0.45,17.27,bid,1750218807104
25710935574867695279743917545485924741668079162095782936806777217229410741194,0.34,24.89,bid,1750218807104
19907336571514490664697153367667679939936374881220243775049933808546169661760,0.45,24.89,bid,1750218807104
19907336571514490664697153367667679939936374881220243775049933808546169661760,0.45,57.84,bid,1750218807104
25710935574867695279743917545485924741668079162095782936806777217229410741194,0.35,57.84,bid,1750218807104
25710935574867695279743917545485924741668079162095782936806777217229410741194,0.33,17.27,bid,1750218807230
19907336571514490664697153367667679939936374881220243775049933808546169661760,0.45,17.27,bid,1750218807230
25710935574867695279743917545485924741668079162095782936806777217229410741194,0.34,24.89,bid,1750218807230
19907336571514490664697153367667679939936374881220243775049933808546169661760,0.45,24.89,bid,1750218807230
19907336571514490664697153367667679939936374881220243775049933808546169661760,0.45,57.84,bid,1750218807230
25710935574867695279743917545485924741668079162095782936806777217229410741194,0.35,57.84,bid,1750218807230
25710935574867695279743917545485924741668079162095782936806777217229410741194,0.33,17.27,bid,1750218807330
19907336571514490664697153367667679939936374881220243775049933808546169661760,0.45,17.27,bid,1750218807330
25710935574867695279743917545485924741668079162095782936806777217229410741194,0.34,24.89,bid,1750218807330
19907336571514490664697153367667679939936374881220243775049933808546169661760,0.45,24.89,bid,1750218807330
19907336571514490664697153367667679939936374881220243775049933808546169661760,0.45,57.84,bid,1750218807330
25710935574867695279743917545485924741668079162095782936806777217229410741194,0.35,57.84,bid,1750218807330
25710935574867695279743917545485924741668079162095782936806777217229410741194,0.33,17.27,bid,1750218807706
19907336571514490664697153367667679939936374881220243775049933808546169661760,0.45,17.27,bid,1750218807706
25710935574867695279743917545485924741668079162095782936806777217229410741194,0.34,24.89,bid,1750218807706
19907336571514490664697153367667679939936374881220243775049933808546169661760,0.45,24.89,bid,1750218807706
19907336571514490664697153367667679939936374881220243775049933808546169661760,0.45,57.84,bid,1750218807706
25710935574867695279743917545485924741668079162095782936806777217229410741194,0.35,57.84,bid,1750218807706
25710935574867695279743917545485924741668079162095782936806777217229410741194,0.33,17.27,bid,1750218807803
19907336571514490664697153367667679939936374881220243775049933808546169661760,0.45,17.27,bid,1750218807803
25710935574867695279743917545485924741668079162095782936806777217229410741194,0.34,24.89,bid,1750218807803
19907336571514490664697153367667679939936374881220243775049933808546169661760,0.45,24.89,bid,1750218807803
19907336571514490664697153367667679939936374881220243775049933808546169661760,0.45,57.84,bid,1750218807803
25710935574867695279743917545485924741668079162095782936806777217229410741194,0.35,57.84,bid,1750218807803
25710935574867695279743917545485924741668079162095782936806777217229410741194,0.33,17.27,bid,1750218807909
19907336571514490664697153367667679939936374881220243775049933808546169661760,0.45,17.27,bid,1750218807909
25710935574867695279743917545485924741668079162095782936806777217229410741194,0.34,24.89,bid,1750218807909
19907336571514490664697153367667679939936374881220243775049933808546169661760,0.45,24.89,bid,1750218807909
19907336571514490664697153367667679939936374881220243775049933808546169661760,0.45,57.84,bid,1750218807909
25710935574867695279743917545485924741668079162095782936806777217229410741194,0.35,57.84,bid,1750218807909
25710935574867695279743917545485924741668079162095782936806777217229410741194,0.33,17.27,bid,1750218808100
19907336571514490664697153367667679939936374881220243775049933808546169661760,0.45,17.27,bid,1750218808100
25710935574867695279743917545485924741668079162095782936806777217229410741194,0.34,24.89,bid,1750218808100
19907336571514490664697153367667679939936374881220243775049933808546169661760,0.45,24.89,bid,1750218808100
19907336571514490664697153367667679939936374881220243775049933808546169661760,0.45,57.84,bid,1750218808100
25710935574867695279743917545485924741668079162095782936806777217229410741194,0.35,57.84,bid,1750218808100
25710935574867695279743917545485924741668079162095782936806777217229410741194,0.33,17.27,bid,1750218808210
19907336571514490664697153367667679939936374881220243775049933808546169661760,0.45,17.27,bid,1750218808210
25710935574867695279743917545485924741668079162095782936806777217229410741194,0.33,17.27,bid,1750218811215
19907336571514490664697153367667679939936374881220243775049933808546169661760,0.45,17.27,bid,1750218811215
19907336571514490664697153367667679939936374881220243775049933808546169661760,0.45,82.73,bid,1750218811215
25710935574867695279743917545485924741668079162095782936806777217229410741194,0.34,82.73,bid,1750218811215
25710935574867695279743917545485924741668079162095782936806777217229410741194,0.33,17.27,bid,1750218811414
19907336571514490664697153367667679939936374881220243775049933808546169661760,0.45,17.27,bid,1750218811414
19907336571514490664697153367667679939936374881220243775049933808546169661760,0.45,82.73,bid,1750218811414
25710935574867695279743917545485924741668079162095782936806777217229410741194,0.34,82.73,bid,1750218811414
25710935574867695279743917545485924741668079162095782936806777217229410741194,0.33,17.27,bid,1750218813013
19907336571514490664697153367667679939936374881220243775049933808546169661760,0.45,17.27,bid,1750218813013
19907336571514490664697153367667679939936374881220243775049933808546169661760,0.45,82.73,bid,1750218813013
25710935574867695279743917545485924741668079162095782936806777217229410741194,0.34,82.73,bid,1750218813013
25710935574867695279743917545485924741668079162095782936806777217229410741194,0.33,17.27,bid,1750218813117
19907336571514490664697153367667679939936374881220243775049933808546169661760,0.45,17.27,bid,1750218813117
19907336571514490664697153367667679939936374881220243775049933808546169661760,0.45,82.73,bid,1750218813117
25710935574867695279743917545485924741668079162095782936806777217229410741194,0.34,82.73,bid,1750218813117
25710935574867695279743917545485924741668079162095782936806777217229410741194,0.33,17.27,bid,1750218813823
19907336571514490664697153367667679939936374881220243775049933808546169661760,0.45,17.27,bid,1750218813823
19907336571514490664697153367667679939936374881220243775049933808546169661760,0.45,82.73,bid,1750218813823
25710935574867695279743917545485924741668079162095782936806777217229410741194,0.34,82.73,bid,1750218813823
25710935574867695279743917545485924741668079162095782936806777217229410741194,0.33,17.27,bid,1750218815434
19907336571514490664697153367667679939936374881220243775049933808546169661760,0.45,17.27,bid,1750218815434
19907336571514490664697153367667679939936374881220243775049933808546169661760,0.45,82.73,bid,1750218815434
25710935574867695279743917545485924741668079162095782936806777217229410741194,0.34,82.73,bid,1750218815434
25710935574867695279743917545485924741668079162095782936806777217229410741194,0.33,17.27,bid,1750218815518
19907336571514490664697153367667679939936374881220243775049933808546169661760,0.45,17.27,bid,1750218815518
19907336571514490664697153367667679939936374881220243775049933808546169661760,0.45,82.73,bid,1750218815518
25710935574867695279743917545485924741668079162095782936806777217229410741194,0.34,82.73,bid,1750218815518
25710935574867695279743917545485924741668079162095782936806777217229410741194,0.33,17.27,bid,1750218834808
19907336571514490664697153367667679939936374881220243775049933808546169661760,0.45,17.27,bid,1750218834808
25710935574867695279743917545485924741668079162095782936806777217229410741194,0.33,17.27,bid,1750218834892
19907336571514490664697153367667679939936374881220243775049933808546169661760,0.45,17.27,bid,1750218834892
25710935574867695279743917545485924741668079162095782936806777217229410741194,0.33,17.27,bid,1750218835308
19907336571514490664697153367667679939936374881220243775049933808546169661760,0.45,17.27,bid,1750218835308
25710935574867695279743917545485924741668079162095782936806777217229410741194,0.33,17.27,bid,1750218835528
19907336571514490664697153367667679939936374881220243775049933808546169661760,0.45,17.27,bid,1750218835528
25710935574867695279743917545485924741668079162095782936806777217229410741194,0.34,24.89,bid,1750218835528
19907336571514490664697153367667679939936374881220243775049933808546169661760,0.45,24.89,bid,1750218835528
19907336571514490664697153367667679939936374881220243775049933808546169661760,0.45,57.84,bid,1750218835528
25710935574867695279743917545485924741668079162095782936806777217229410741194,0.35,57.84,bid,1750218835528
25710935574867695279743917545485924741668079162095782936806777217229410741194,0.33,17.27,bid,1750218835802
19907336571514490664697153367667679939936374881220243775049933808546169661760,0.45,17.27,bid,1750218835802
25710935574867695279743917545485924741668079162095782936806777217229410741194,0.34,24.89,bid,1750218835802
19907336571514490664697153367667679939936374881220243775049933808546169661760,0.45,24.89,bid,1750218835802
19907336571514490664697153367667679939936374881220243775049933808546169661760,0.45,57.84,bid,1750218835802
25710935574867695279743917545485924741668079162095782936806777217229410741194,0.35,57.84,bid,1750218835802
25710935574867695279743917545485924741668079162095782936806777217229410741194,0.33,17.27,bid,1750218836404
19907336571514490664697153367667679939936374881220243775049933808546169661760,0.45,17.27,bid,1750218836404
25710935574867695279743917545485924741668079162095782936806777217229410741194,0.34,24.89,bid,1750218836404
19907336571514490664697153367667679939936374881220243775049933808546169661760,0.45,24.89,bid,1750218836404
19907336571514490664697153367667679939936374881220243775049933808546169661760,0.45,57.84,bid,1750218836404
25710935574867695279743917545485924741668079162095782936806777217229410741194,0.35,57.84,bid,1750218836404
25710935574867695279743917545485924741668079162095782936806777217229410741194,0.33,17.27,bid,1750218837407
19907336571514490664697153367667679939936374881220243775049933808546169661760,0.45,17.27,bid,1750218837407
25710935574867695279743917545485924741668079162095782936806777217229410741194,0.34,24.89,bid,1750218837407
19907336571514490664697153367667679939936374881220243775049933808546169661760,0.45,24.89,bid,1750218837407
19907336571514490664697153367667679939936374881220243775049933808546169661760,0.45,57.84,bid,1750218837407
25710935574867695279743917545485924741668079162095782936806777217229410741194,0.35,57.84,bid,1750218837407
25710935574867695279743917545485924741668079162095782936806777217229410741194,0.33,17.27,bid,1750218837611
19907336571514490664697153367667679939936374881220243775049933808546169661760,0.45,17.27,bid,1750218837611
25710935574867695279743917545485924741668079162095782936806777217229410741194,0.34,24.89,bid,1750218837611
19907336571514490664697153367667679939936374881220243775049933808546169661760,0.45,24.89,bid,1750218837611
19907336571514490664697153367667679939936374881220243775049933808546169661760,0.45,57.84,bid,1750218837611
25710935574867695279743917545485924741668079162095782936806777217229410741194,0.35,57.84,bid,1750218837611
25710935574867695279743917545485924741668079162095782936806777217229410741194,0.33,17.27,bid,1750218838315
19907336571514490664697153367667679939936374881220243775049933808546169661760,0.45,17.27,bid,1750218838315
25710935574867695279743917545485924741668079162095782936806777217229410741194,0.34,24.89,bid,1750218838315
19907336571514490664697153367667679939936374881220243775049933808546169661760,0.45,24.89,bid,1750218838315
19907336571514490664697153367667679939936374881220243775049933808546169661760,0.45,57.84,bid,1750218838315
25710935574867695279743917545485924741668079162095782936806777217229410741194,0.35,57.84,bid,1750218838315
25710935574867695279743917545485924741668079162095782936806777217229410741194,0.33,17.27,bid,1750218838522
19907336571514490664697153367667679939936374881220243775049933808546169661760,0.45,17.27,bid,1750218838522
25710935574867695279743917545485924741668079162095782936806777217229410741194,0.34,24.89,bid,1750218838522
19907336571514490664697153367667679939936374881220243775049933808546169661760,0.45,24.89,bid,1750218838522
19907336571514490664697153367667679939936374881220243775049933808546169661760,0.45,57.84,bid,1750218838522
25710935574867695279743917545485924741668079162095782936806777217229410741194,0.35,57.84,bid,1750218838522
25710935574867695279743917545485924741668079162095782936806777217229410741194,0.33,17.27,bid,1750218838708
19907336571514490664697153367667679939936374881220243775049933808546169661760,0.45,17.27,bid,1750218838708
19907336571514490664697153367667679939936374881220243775049933808546169661760,0.45,82.73,bid,1750218838708
25710935574867695279743917545485924741668079162095782936806777217229410741194,0.34,82.73,bid,1750218838708
25710935574867695279743917545485924741668079162095782936806777217229410741194,0.33,17.27,bid,1750218838904
19907336571514490664697153367667679939936374881220243775049933808546169661760,0.45,17.27,bid,1750218838904
19907336571514490664697153367667679939936374881220243775049933808546169661760,0.45,82.73,bid,1750218838904
25710935574867695279743917545485924741668079162095782936806777217229410741194,0.34,82.73,bid,1750218838904
25710935574867695279743917545485924741668079162095782936806777217229410741194,0.33,17.27,bid,1750218839132
19907336571514490664697153367667679939936374881220243775049933808546169661760,0.45,17.27,bid,1750218839132
19907336571514490664697153367667679939936374881220243775049933808546169661760,0.45,82.73,bid,1750218839132
25710935574867695279743917545485924741668079162095782936806777217229410741194,0.34,82.73,bid,1750218839132
25710935574867695279743917545485924741668079162095782936806777217229410741194,0.33,17.27,bid,1750218840405
19907336571514490664697153367667679939936374881220243775049933808546169661760,0.45,17.27,bid,1750218840405
19907336571514490664697153367667679939936374881220243775049933808546169661760,0.45,82.73,bid,1750218840405
25710935574867695279743917545485924741668079162095782936806777217229410741194,0.34,82.73,bid,1750218840405
25710935574867695279743917545485924741668079162095782936806777217229410741194,0.33,17.27,bid,1750218842745
19907336571514490664697153367667679939936374881220243775049933808546169661760,0.45,17.27,bid,1750218842745
19907336571514490664697153367667679939936374881220243775049933808546169661760,0.45,82.73,bid,1750218842745
25710935574867695279743917545485924741668079162095782936806777217229410741194,0.34,82.73,bid,1750218842745
25710935574867695279743917545485924741668079162095782936806777217229410741194,0.33,17.27,bid,1750218842863
19907336571514490664697153367667679939936374881220243775049933808546169661760,0.45,17.27,bid,1750218842863
19907336571514490664697153367667679939936374881220243775049933808546169661760,0.45,82.73,bid,1750218842863
25710935574867695279743917545485924741668079162095782936806777217229410741194,0.34,82.73,bid,1750218842863
25710935574867695279743917545485924741668079162095782936806777217229410741194,0.33,17.27,bid,1750218843136
19907336571514490664697153367667679939936374881220243775049933808546169661760,0.45,17.27,bid,1750218843136
19907336571514490664697153367667679939936374881220243775049933808546169661760,0.45,82.73,bid,1750218843136
25710935574867695279743917545485924741668079162095782936806777217229410741194,0.34,82.73,bid,1750218843136
25710935574867695279743917545485924741668079162095782936806777217229410741194,0.33,17.27,bid,1750218857295
19907336571514490664697153367667679939936374881220243775049933808546169661760,0.45,17.27,bid,1750218857295
19907336571514490664697153367667679939936374881220243775049933808546169661760,0.45,82.73,bid,1750218857295
25710935574867695279743917545485924741668079162095782936806777217229410741194,0.34,82.73,bid,1750218857295
25710935574867695279743917545485924741668079162095782936806777217229410741194,0.33,17.27,bid,1750218869316
19907336571514490664697153367667679939936374881220243775049933808546169661760,0.45,17.27,bid,1750218869316
19907336571514490664697153367667679939936374881220243775049933808546169661760,0.45,82.73,bid,1750218869316
25710935574867695279743917545485924741668079162095782936806777217229410741194,0.34,82.73,bid,1750218869316
25710935574867695279743917545485924741668079162095782936806777217229410741194,0.33,17.27,bid,1750218872244
19907336571514490664697153367667679939936374881220243775049933808546169661760,0.45,17.27,bid,1750218872244
19907336571514490664697153367667679939936374881220243775049933808546169661760,0.45,82.73,bid,1750218872244
25710935574867695279743917545485924741668079162095782936806777217229410741194,0.34,82.73,bid,1750218872244
25710935574867695279743917545485924741668079162095782936806777217229410741194,0.33,17.27,bid,1750218872728
19907336571514490664697153367667679939936374881220243775049933808546169661760,0.45,17.27,bid,1750218872728
19907336571514490664697153367667679939936374881220243775049933808546169661760,0.45,82.73,bid,1750218872728
25710935574867695279743917545485924741668079162095782936806777217229410741194,0.34,82.73,bid,1750218872728
25710935574867695279743917545485924741668079162095782936806777217229410741194,0.33,17.27,bid,1750218872846
19907336571514490664697153367667679939936374881220243775049933808546169661760,0.45,17.27,bid,1750218872846
19907336571514490664697153367667679939936374881220243775049933808546169661760,0.45,82.73,bid,1750218872846
25710935574867695279743917545485924741668079162095782936806777217229410741194,0.34,82.73,bid,1750218872846
25710935574867695279743917545485924741668079162095782936806777217229410741194,0.33,17.27,bid,1750218872941
19907336571514490664697153367667679939936374881220243775049933808546169661760,0.45,17.27,bid,1750218872941
19907336571514490664697153367667679939936374881220243775049933808546169661760,0.45,82.73,bid,1750218872941
25710935574867695279743917545485924741668079162095782936806777217229410741194,0.34,82.73,bid,1750218872941
25710935574867695279743917545485924741668079162095782936806777217229410741194,0.33,17.27,bid,1750218873049
19907336571514490664697153367667679939936374881220243775049933808546169661760,0.45,17.27,bid,1750218873049
19907336571514490664697153367667679939936374881220243775049933808546169661760,0.45,82.73,bid,1750218873049
25710935574867695279743917545485924741668079162095782936806777217229410741194,0.34,82.73,bid,1750218873049
25710935574867695279743917545485924741668079162095782936806777217229410741194,0.33,17.27,bid,1750218873137
19907336571514490664697153367667679939936374881220243775049933808546169661760,0.45,17.27,bid,1750218873137
19907336571514490664697153367667679939936374881220243775049933808546169661760,0.45,82.73,bid,1750218873137
25710935574867695279743917545485924741668079162095782936806777217229410741194,0.34,82.73,bid,1750218873137
25710935574867695279743917545485924741668079162095782936806777217229410741194,0.33,17.27,bid,1750218876244
19907336571514490664697153367667679939936374881220243775049933808546169661760,0.45,17.27,bid,1750218876244
19907336571514490664697153367667679939936374881220243775049933808546169661760,0.45,82.73,bid,1750218876244
25710935574867695279743917545485924741668079162095782936806777217229410741194,0.34,82.73,bid,1750218876244
25710935574867695279743917545485924741668079162095782936806777217229410741194,0.33,17.27,bid,1750218897446
19907336571514490664697153367667679939936374881220243775049933808546169661760,0.45,17.27,bid,1750218897446
19907336571514490664697153367667679939936374881220243775049933808546169661760,0.45,82.73,bid,1750218897446
25710935574867695279743917545485924741668079162095782936806777217229410741194,0.34,82.73,bid,1750218897446
25710935574867695279743917545485924741668079162095782936806777217229410741194,0.33,17.27,bid,1750218897666
19907336571514490664697153367667679939936374881220243775049933808546169661760,0.45,17.27,bid,1750218897666
19907336571514490664697153367667679939936374881220243775049933808546169661760,0.45,82.73,bid,1750218897666
25710935574867695279743917545485924741668079162095782936806777217229410741194,0.34,82.73,bid,1750218897666
25710935574867695279743917545485924741668079162095782936806777217229410741194,0.33,17.27,bid,1750218897757
19907336571514490664697153367667679939936374881220243775049933808546169661760,0.45,17.27,bid,1750218897757
19907336571514490664697153367667679939936374881220243775049933808546169661760,0.45,82.73,bid,1750218897757
25710935574867695279743917545485924741668079162095782936806777217229410741194,0.34,82.73,bid,1750218897757
25710935574867695279743917545485924741668079162095782936806777217229410741194,0.33,17.27,bid,1750218898048
19907336571514490664697153367667679939936374881220243775049933808546169661760,0.45,17.27,bid,1750218898048
19907336571514490664697153367667679939936374881220243775049933808546169661760,0.45,82.73,bid,1750218898048
25710935574867695279743917545485924741668079162095782936806777217229410741194,0.34,82.73,bid,1750218898048
25710935574867695279743917545485924741668079162095782936806777217229410741194,0.33,17.27,bid,1750218902715
19907336571514490664697153367667679939936374881220243775049933808546169661760,0.45,17.27,bid,1750218902715
19907336571514490664697153367667679939936374881220243775049933808546169661760,0.45,82.73,bid,1750218902715
25710935574867695279743917545485924741668079162095782936806777217229410741194,0.34,82.73,bid,1750218902715
25710935574867695279743917545485924741668079162095782936806777217229410741194,0.33,17.27,bid,1750218902825
19907336571514490664697153367667679939936374881220243775049933808546169661760,0.45,17.27,bid,1750218902825
19907336571514490664697153367667679939936374881220243775049933808546169661760,0.45,82.73,bid,1750218902825
25710935574867695279743917545485924741668079162095782936806777217229410741194,0.34,82.73,bid,1750218902825
25710935574867695279743917545485924741668079162095782936806777217229410741194,0.33,17.27,bid,1750218902929
19907336571514490664697153367667679939936374881220243775049933808546169661760,0.45,17.27,bid,1750218902929
19907336571514490664697153367667679939936374881220243775049933808546169661760,0.45,82.73,bid,1750218902929
25710935574867695279743917545485924741668079162095782936806777217229410741194,0.34,82.73,bid,1750218902929
25710935574867695279743917545485924741668079162095782936806777217229410741194,0.33,17.27,bid,1750218903025
19907336571514490664697153367667679939936374881220243775049933808546169661760,0.45,17.27,bid,1750218903025
19907336571514490664697153367667679939936374881220243775049933808546169661760,0.45,82.73,bid,1750218903025
25710935574867695279743917545485924741668079162095782936806777217229410741194,0.34,82.73,bid,1750218903025
25710935574867695279743917545485924741668079162095782936806777217229410741194,0.33,17.27,bid,1750218903122
19907336571514490664697153367667679939936374881220243775049933808546169661760,0.45,17.27,bid,1750218903122
19907336571514490664697153367667679939936374881220243775049933808546169661760,0.45,82.73,bid,1750218903122
25710935574867695279743917545485924741668079162095782936806777217229410741194,0.34,82.73,bid,1750218903122
25710935574867695279743917545485924741668079162095782936806777217229410741194,0.33,17.27,bid,1750218903433
19907336571514490664697153367667679939936374881220243775049933808546169661760,0.45,17.27,bid,1750218903433
19907336571514490664697153367667679939936374881220243775049933808546169661760,0.45,82.73,bid,1750218903433
25710935574867695279743917545485924741668079162095782936806777217229410741194,0.34,82.73,bid,1750218903433
25710935574867695279743917545485924741668079162095782936806777217229410741194,0.33,17.27,bid,1750218913778
19907336571514490664697153367667679939936374881220243775049933808546169661760,0.45,17.27,bid,1750218913778
25710935574867695279743917545485924741668079162095782936806777217229410741194,0.33,17.27,bid,1750218914300
19907336571514490664697153367667679939936374881220243775049933808546169661760,0.45,17.27,bid,1750218914300
25710935574867695279743917545485924741668079162095782936806777217229410741194,0.33,17.27,bid,1750218914500
19907336571514490664697153367667679939936374881220243775049933808546169661760,0.45,17.27,bid,1750218914500
25710935574867695279743917545485924741668079162095782936806777217229410741194,0.34,25.2,bid,1750218914500
19907336571514490664697153367667679939936374881220243775049933808546169661760,0.45,25.2,bid,1750218914500
19907336571514490664697153367667679939936374881220243775049933808546169661760,0.45,57.53,bid,1750218914500
25710935574867695279743917545485924741668079162095782936806777217229410741194,0.35,57.53,bid,1750218914500
25710935574867695279743917545485924741668079162095782936806777217229410741194,0.33,17.27,bid,1750218914979
19907336571514490664697153367667679939936374881220243775049933808546169661760,0.45,17.27,bid,1750218914979
25710935574867695279743917545485924741668079162095782936806777217229410741194,0.34,25.2,bid,1750218914979
19907336571514490664697153367667679939936374881220243775049933808546169661760,0.45,25.2,bid,1750218914979
19907336571514490664697153367667679939936374881220243775049933808546169661760,0.45,57.53,bid,1750218914979
25710935574867695279743917545485924741668079162095782936806777217229410741194,0.35,57.53,bid,1750218914979
25710935574867695279743917545485924741668079162095782936806777217229410741194,0.33,17.27,bid,1750218915076
19907336571514490664697153367667679939936374881220243775049933808546169661760,0.45,17.27,bid,1750218915076
25710935574867695279743917545485924741668079162095782936806777217229410741194,0.34,25.2,bid,1750218915076
19907336571514490664697153367667679939936374881220243775049933808546169661760,0.45,25.2,bid,1750218915076
19907336571514490664697153367667679939936374881220243775049933808546169661760,0.45,57.53,bid,1750218915076
25710935574867695279743917545485924741668079162095782936806777217229410741194,0.35,57.53,bid,1750218915076
25710935574867695279743917545485924741668079162095782936806777217229410741194,0.33,17.27,bid,1750218916469
19907336571514490664697153367667679939936374881220243775049933808546169661760,0.45,17.27,bid,1750218916469
25710935574867695279743917545485924741668079162095782936806777217229410741194,0.34,25.2,bid,1750218916469
19907336571514490664697153367667679939936374881220243775049933808546169661760,0.45,25.2,bid,1750218916469
19907336571514490664697153367667679939936374881220243775049933808546169661760,0.45,57.53,bid,1750218916469
25710935574867695279743917545485924741668079162095782936806777217229410741194,0.35,57.53,bid,1750218916469
25710935574867695279743917545485924741668079162095782936806777217229410741194,0.33,17.27,bid,1750218919698
19907336571514490664697153367667679939936374881220243775049933808546169661760,0.45,17.27,bid,1750218919698
25710935574867695279743917545485924741668079162095782936806777217229410741194,0.34,25.2,bid,1750218919698
19907336571514490664697153367667679939936374881220243775049933808546169661760,0.45,25.2,bid,1750218919698
19907336571514490664697153367667679939936374881220243775049933808546169661760,0.45,57.53,bid,1750218919698
25710935574867695279743917545485924741668079162095782936806777217229410741194,0.35,57.53,bid,1750218919698
25710935574867695279743917545485924741668079162095782936806777217229410741194,0.33,17.27,bid,1750218919794
19907336571514490664697153367667679939936374881220243775049933808546169661760,0.45,17.27,bid,1750218919794
25710935574867695279743917545485924741668079162095782936806777217229410741194,0.34,25.2,bid,1750218919794
19907336571514490664697153367667679939936374881220243775049933808546169661760,0.45,25.2,bid,1750218919794
19907336571514490664697153367667679939936374881220243775049933808546169661760,0.45,57.53,bid,1750218919794
25710935574867695279743917545485924741668079162095782936806777217229410741194,0.35,57.53,bid,1750218919794
25710935574867695279743917545485924741668079162095782936806777217229410741194,0.33,17.27,bid,1750218919900
19907336571514490664697153367667679939936374881220243775049933808546169661760,0.45,17.27,bid,1750218919900
25710935574867695279743917545485924741668079162095782936806777217229410741194,0.34,25.2,bid,1750218919900
19907336571514490664697153367667679939936374881220243775049933808546169661760,0.45,25.2,bid,1750218919900
19907336571514490664697153367667679939936374881220243775049933808546169661760,0.45,57.53,bid,1750218919900
25710935574867695279743917545485924741668079162095782936806777217229410741194,0.35,57.53,bid,1750218919900
25710935574867695279743917545485924741668079162095782936806777217229410741194,0.33,17.27,bid,1750218920004
19907336571514490664697153367667679939936374881220243775049933808546169661760,0.45,17.27,bid,1750218920004
25710935574867695279743917545485924741668079162095782936806777217229410741194,0.34,25.2,bid,1750218920004
19907336571514490664697153367667679939936374881220243775049933808546169661760,0.45,25.2,bid,1750218920004
19907336571514490664697153367667679939936374881220243775049933808546169661760,0.45,57.53,bid,1750218920004
25710935574867695279743917545485924741668079162095782936806777217229410741194,0.35,57.53,bid,1750218920004
25710935574867695279743917545485924741668079162095782936806777217229410741194,0.33,17.27,bid,1750218920112
19907336571514490664697153367667679939936374881220243775049933808546169661760,0.45,17.27,bid,1750218920112
25710935574867695279743917545485924741668079162095782936806777217229410741194,0.34,25.2,bid,1750218920112
