asset_id, price, size, side, market, timestamp
5899348323059455657630528606815138588415095483052205208567031442326527433126,0.6,0.0,bid,1750206861200
76440473074388722537799893602404687230922238288182630419521127770642474448937,0.39,0.0,bid,1750206861200
5899348323059455657630528606815138588415095483052205208567031442326527433126,0.6,0.0,bid,1750206861922
76440473074388722537799893602404687230922238288182630419521127770642474448937,0.39,0.0,bid,1750206861922
5899348323059455657630528606815138588415095483052205208567031442326527433126,0.6,0.0,bid,1750206862006
76440473074388722537799893602404687230922238288182630419521127770642474448937,0.39,0.0,bid,1750206862006
5899348323059455657630528606815138588415095483052205208567031442326527433126,0.6,0.0,bid,1750206862106
76440473074388722537799893602404687230922238288182630419521127770642474448937,0.38,0.0,bid,1750206862106
5899348323059455657630528606815138588415095483052205208567031442326527433126,0.61,0.0,bid,1750206862106
76440473074388722537799893602404687230922238288182630419521127770642474448937,0.38,0.0,bid,1750206862106
5899348323059455657630528606815138588415095483052205208567031442326527433126,0.6,0.0,bid,1750206862224
76440473074388722537799893602404687230922238288182630419521127770642474448937,0.38,0.0,bid,1750206862224
5899348323059455657630528606815138588415095483052205208567031442326527433126,0.61,0.0,bid,1750206862224
76440473074388722537799893602404687230922238288182630419521127770642474448937,0.38,0.0,bid,1750206862224
5899348323059455657630528606815138588415095483052205208567031442326527433126,0.6,0.0,bid,1750206862525
76440473074388722537799893602404687230922238288182630419521127770642474448937,0.38,0.0,bid,1750206862525
5899348323059455657630528606815138588415095483052205208567031442326527433126,0.61,0.0,bid,1750206862525
76440473074388722537799893602404687230922238288182630419521127770642474448937,0.38,0.0,bid,1750206862525
5899348323059455657630528606815138588415095483052205208567031442326527433126,0.6,0.0,bid,1750206866159
76440473074388722537799893602404687230922238288182630419521127770642474448937,0.38,0.0,bid,1750206866159
5899348323059455657630528606815138588415095483052205208567031442326527433126,0.61,0.0,bid,1750206866159
76440473074388722537799893602404687230922238288182630419521127770642474448937,0.38,0.0,bid,1750206866159
5899348323059455657630528606815138588415095483052205208567031442326527433126,0.6,0.0,bid,1750206869529
76440473074388722537799893602404687230922238288182630419521127770642474448937,0.38,0.0,bid,1750206869529
5899348323059455657630528606815138588415095483052205208567031442326527433126,0.61,0.0,bid,1750206869529
76440473074388722537799893602404687230922238288182630419521127770642474448937,0.38,0.0,bid,1750206869529
5899348323059455657630528606815138588415095483052205208567031442326527433126,0.6,0.0,bid,1750206881787
76440473074388722537799893602404687230922238288182630419521127770642474448937,0.38,0.0,bid,1750206881787
5899348323059455657630528606815138588415095483052205208567031442326527433126,0.61,0.0,bid,1750206881787
76440473074388722537799893602404687230922238288182630419521127770642474448937,0.38,0.0,bid,1750206881787
5899348323059455657630528606815138588415095483052205208567031442326527433126,0.6,0.0,bid,1750206882017
76440473074388722537799893602404687230922238288182630419521127770642474448937,0.38,0.0,bid,1750206882017
5899348323059455657630528606815138588415095483052205208567031442326527433126,0.61,0.0,bid,1750206882017
76440473074388722537799893602404687230922238288182630419521127770642474448937,0.38,0.0,bid,1750206882017
5899348323059455657630528606815138588415095483052205208567031442326527433126,0.6,0.0,bid,1750206882085
76440473074388722537799893602404687230922238288182630419521127770642474448937,0.38,0.0,bid,1750206882085
5899348323059455657630528606815138588415095483052205208567031442326527433126,0.61,0.0,bid,1750206882085
76440473074388722537799893602404687230922238288182630419521127770642474448937,0.38,0.0,bid,1750206882085
5899348323059455657630528606815138588415095483052205208567031442326527433126,0.6,0.0,bid,1750206882199
76440473074388722537799893602404687230922238288182630419521127770642474448937,0.38,0.0,bid,1750206882199
5899348323059455657630528606815138588415095483052205208567031442326527433126,0.61,0.0,bid,1750206882199
76440473074388722537799893602404687230922238288182630419521127770642474448937,0.38,0.0,bid,1750206882199
5899348323059455657630528606815138588415095483052205208567031442326527433126,0.6,0.0,bid,1750206882308
76440473074388722537799893602404687230922238288182630419521127770642474448937,0.38,0.0,bid,1750206882308
5899348323059455657630528606815138588415095483052205208567031442326527433126,0.61,0.0,bid,1750206882308
76440473074388722537799893602404687230922238288182630419521127770642474448937,0.38,0.0,bid,1750206882308
5899348323059455657630528606815138588415095483052205208567031442326527433126,0.6,0.0,bid,1750206882421
76440473074388722537799893602404687230922238288182630419521127770642474448937,0.38,0.0,bid,1750206882421
5899348323059455657630528606815138588415095483052205208567031442326527433126,0.61,0.0,bid,1750206882421
76440473074388722537799893602404687230922238288182630419521127770642474448937,0.38,0.0,bid,1750206882421
5899348323059455657630528606815138588415095483052205208567031442326527433126,0.6,0.0,bid,1750206882501
76440473074388722537799893602404687230922238288182630419521127770642474448937,0.38,0.0,bid,1750206882501
5899348323059455657630528606815138588415095483052205208567031442326527433126,0.61,0.0,bid,1750206882501
76440473074388722537799893602404687230922238288182630419521127770642474448937,0.38,0.0,bid,1750206882501
5899348323059455657630528606815138588415095483052205208567031442326527433126,0.6,0.0,bid,1750206882676
76440473074388722537799893602404687230922238288182630419521127770642474448937,0.38,0.0,bid,1750206882676
5899348323059455657630528606815138588415095483052205208567031442326527433126,0.61,0.0,bid,1750206882676
76440473074388722537799893602404687230922238288182630419521127770642474448937,0.38,0.0,bid,1750206882676
5899348323059455657630528606815138588415095483052205208567031442326527433126,0.6,0.0,bid,1750206882780
76440473074388722537799893602404687230922238288182630419521127770642474448937,0.38,0.0,bid,1750206882780
5899348323059455657630528606815138588415095483052205208567031442326527433126,0.61,0.0,bid,1750206882780
76440473074388722537799893602404687230922238288182630419521127770642474448937,0.38,0.0,bid,1750206882780
5899348323059455657630528606815138588415095483052205208567031442326527433126,0.6,0.0,bid,1750206882879
76440473074388722537799893602404687230922238288182630419521127770642474448937,0.38,0.0,bid,1750206882879
5899348323059455657630528606815138588415095483052205208567031442326527433126,0.61,0.0,bid,1750206882879
76440473074388722537799893602404687230922238288182630419521127770642474448937,0.38,0.0,bid,1750206882879
5899348323059455657630528606815138588415095483052205208567031442326527433126,0.6,0.0,bid,1750206882976
76440473074388722537799893602404687230922238288182630419521127770642474448937,0.38,0.0,bid,1750206882976
5899348323059455657630528606815138588415095483052205208567031442326527433126,0.61,0.0,bid,1750206882976
76440473074388722537799893602404687230922238288182630419521127770642474448937,0.38,0.0,bid,1750206882976
5899348323059455657630528606815138588415095483052205208567031442326527433126,0.6,0.0,bid,1750206883311
76440473074388722537799893602404687230922238288182630419521127770642474448937,0.38,0.0,bid,1750206883311
5899348323059455657630528606815138588415095483052205208567031442326527433126,0.61,0.0,bid,1750206883311
76440473074388722537799893602404687230922238288182630419521127770642474448937,0.38,0.0,bid,1750206883311
5899348323059455657630528606815138588415095483052205208567031442326527433126,0.6,0.0,bid,1750206883608
76440473074388722537799893602404687230922238288182630419521127770642474448937,0.38,0.0,bid,1750206883608
5899348323059455657630528606815138588415095483052205208567031442326527433126,0.61,0.0,bid,1750206883608
76440473074388722537799893602404687230922238288182630419521127770642474448937,0.38,0.0,bid,1750206883608
5899348323059455657630528606815138588415095483052205208567031442326527433126,0.6,0.0,bid,1750206883706
76440473074388722537799893602404687230922238288182630419521127770642474448937,0.38,0.0,bid,1750206883706
5899348323059455657630528606815138588415095483052205208567031442326527433126,0.61,0.0,bid,1750206883706
76440473074388722537799893602404687230922238288182630419521127770642474448937,0.38,0.0,bid,1750206883706
5899348323059455657630528606815138588415095483052205208567031442326527433126,0.6,0.0,bid,1750206883808
76440473074388722537799893602404687230922238288182630419521127770642474448937,0.38,0.0,bid,1750206883808
5899348323059455657630528606815138588415095483052205208567031442326527433126,0.61,0.0,bid,1750206883808
76440473074388722537799893602404687230922238288182630419521127770642474448937,0.38,0.0,bid,1750206883808
5899348323059455657630528606815138588415095483052205208567031442326527433126,0.6,0.0,bid,1750206883888
76440473074388722537799893602404687230922238288182630419521127770642474448937,0.38,0.0,bid,1750206883888
5899348323059455657630528606815138588415095483052205208567031442326527433126,0.61,0.0,bid,1750206883888
76440473074388722537799893602404687230922238288182630419521127770642474448937,0.38,0.0,bid,1750206883888
5899348323059455657630528606815138588415095483052205208567031442326527433126,0.6,0.0,bid,1750206884089
76440473074388722537799893602404687230922238288182630419521127770642474448937,0.38,0.0,bid,1750206884089
5899348323059455657630528606815138588415095483052205208567031442326527433126,0.61,0.0,bid,1750206884089
76440473074388722537799893602404687230922238288182630419521127770642474448937,0.38,0.0,bid,1750206884089
5899348323059455657630528606815138588415095483052205208567031442326527433126,0.6,0.0,bid,1750206884205
76440473074388722537799893602404687230922238288182630419521127770642474448937,0.38,0.0,bid,1750206884205
5899348323059455657630528606815138588415095483052205208567031442326527433126,0.61,0.0,bid,1750206884205
76440473074388722537799893602404687230922238288182630419521127770642474448937,0.38,0.0,bid,1750206884205
5899348323059455657630528606815138588415095483052205208567031442326527433126,0.6,0.0,bid,1750206884382
76440473074388722537799893602404687230922238288182630419521127770642474448937,0.38,0.0,bid,1750206884382
5899348323059455657630528606815138588415095483052205208567031442326527433126,0.61,0.0,bid,1750206884382
76440473074388722537799893602404687230922238288182630419521127770642474448937,0.38,0.0,bid,1750206884382
5899348323059455657630528606815138588415095483052205208567031442326527433126,0.6,0.0,bid,1750206884692
76440473074388722537799893602404687230922238288182630419521127770642474448937,0.38,0.0,bid,1750206884692
5899348323059455657630528606815138588415095483052205208567031442326527433126,0.61,0.0,bid,1750206884692
76440473074388722537799893602404687230922238288182630419521127770642474448937,0.38,0.0,bid,1750206884692
5899348323059455657630528606815138588415095483052205208567031442326527433126,0.6,0.0,bid,1750206884899
76440473074388722537799893602404687230922238288182630419521127770642474448937,0.38,0.0,bid,1750206884899
5899348323059455657630528606815138588415095483052205208567031442326527433126,0.61,0.0,bid,1750206884899
76440473074388722537799893602404687230922238288182630419521127770642474448937,0.38,0.0,bid,1750206884899
5899348323059455657630528606815138588415095483052205208567031442326527433126,0.6,0.0,bid,1750206885311
76440473074388722537799893602404687230922238288182630419521127770642474448937,0.38,0.0,bid,1750206885311
5899348323059455657630528606815138588415095483052205208567031442326527433126,0.61,0.0,bid,1750206885311
76440473074388722537799893602404687230922238288182630419521127770642474448937,0.38,0.0,bid,1750206885311
5899348323059455657630528606815138588415095483052205208567031442326527433126,0.6,0.0,bid,1750206885595
76440473074388722537799893602404687230922238288182630419521127770642474448937,0.38,0.0,bid,1750206885595
5899348323059455657630528606815138588415095483052205208567031442326527433126,0.61,0.0,bid,1750206885595
76440473074388722537799893602404687230922238288182630419521127770642474448937,0.38,0.0,bid,1750206885595
5899348323059455657630528606815138588415095483052205208567031442326527433126,0.6,0.0,bid,1750206885814
76440473074388722537799893602404687230922238288182630419521127770642474448937,0.38,0.0,bid,1750206885814
5899348323059455657630528606815138588415095483052205208567031442326527433126,0.61,0.0,bid,1750206885814
76440473074388722537799893602404687230922238288182630419521127770642474448937,0.38,0.0,bid,1750206885814
5899348323059455657630528606815138588415095483052205208567031442326527433126,0.6,0.0,bid,1750206885994
76440473074388722537799893602404687230922238288182630419521127770642474448937,0.38,0.0,bid,1750206885994
5899348323059455657630528606815138588415095483052205208567031442326527433126,0.61,0.0,bid,1750206885994
76440473074388722537799893602404687230922238288182630419521127770642474448937,0.38,0.0,bid,1750206885994
5899348323059455657630528606815138588415095483052205208567031442326527433126,0.6,0.0,bid,1750206886495
76440473074388722537799893602404687230922238288182630419521127770642474448937,0.38,0.0,bid,1750206886495
5899348323059455657630528606815138588415095483052205208567031442326527433126,0.61,0.0,bid,1750206886495
76440473074388722537799893602404687230922238288182630419521127770642474448937,0.38,0.0,bid,1750206886495
5899348323059455657630528606815138588415095483052205208567031442326527433126,0.6,0.0,bid,1750206887389
76440473074388722537799893602404687230922238288182630419521127770642474448937,0.38,0.0,bid,1750206887389
5899348323059455657630528606815138588415095483052205208567031442326527433126,0.61,0.0,bid,1750206887389
76440473074388722537799893602404687230922238288182630419521127770642474448937,0.38,0.0,bid,1750206887389
5899348323059455657630528606815138588415095483052205208567031442326527433126,0.6,0.0,bid,1750206888424
76440473074388722537799893602404687230922238288182630419521127770642474448937,0.38,0.0,bid,1750206888424
5899348323059455657630528606815138588415095483052205208567031442326527433126,0.61,0.0,bid,1750206888424
76440473074388722537799893602404687230922238288182630419521127770642474448937,0.38,0.0,bid,1750206888424
5899348323059455657630528606815138588415095483052205208567031442326527433126,0.6,0.0,bid,1750206888602
76440473074388722537799893602404687230922238288182630419521127770642474448937,0.38,0.0,bid,1750206888602
5899348323059455657630528606815138588415095483052205208567031442326527433126,0.61,0.0,bid,1750206888602
76440473074388722537799893602404687230922238288182630419521127770642474448937,0.38,0.0,bid,1750206888602
5899348323059455657630528606815138588415095483052205208567031442326527433126,0.6,0.0,bid,1750206888903
76440473074388722537799893602404687230922238288182630419521127770642474448937,0.38,0.0,bid,1750206888903
5899348323059455657630528606815138588415095483052205208567031442326527433126,0.61,0.0,bid,1750206888903
76440473074388722537799893602404687230922238288182630419521127770642474448937,0.38,0.0,bid,1750206888903
5899348323059455657630528606815138588415095483052205208567031442326527433126,0.6,0.0,bid,1750206889023
76440473074388722537799893602404687230922238288182630419521127770642474448937,0.38,0.0,bid,1750206889023
5899348323059455657630528606815138588415095483052205208567031442326527433126,0.61,0.0,bid,1750206889023
76440473074388722537799893602404687230922238288182630419521127770642474448937,0.38,0.0,bid,1750206889023
5899348323059455657630528606815138588415095483052205208567031442326527433126,0.6,0.0,bid,1750206889608
76440473074388722537799893602404687230922238288182630419521127770642474448937,0.38,0.0,bid,1750206889608
5899348323059455657630528606815138588415095483052205208567031442326527433126,0.61,0.0,bid,1750206889608
76440473074388722537799893602404687230922238288182630419521127770642474448937,0.38,0.0,bid,1750206889608
5899348323059455657630528606815138588415095483052205208567031442326527433126,0.6,0.0,bid,1750206895377
76440473074388722537799893602404687230922238288182630419521127770642474448937,0.38,0.0,bid,1750206895377
5899348323059455657630528606815138588415095483052205208567031442326527433126,0.61,0.0,bid,1750206895377
76440473074388722537799893602404687230922238288182630419521127770642474448937,0.38,0.0,bid,1750206895377
5899348323059455657630528606815138588415095483052205208567031442326527433126,0.6,0.0,bid,1750206895449
76440473074388722537799893602404687230922238288182630419521127770642474448937,0.38,0.0,bid,1750206895449
5899348323059455657630528606815138588415095483052205208567031442326527433126,0.61,0.0,bid,1750206895449
76440473074388722537799893602404687230922238288182630419521127770642474448937,0.38,0.0,bid,1750206895449
5899348323059455657630528606815138588415095483052205208567031442326527433126,0.6,0.0,bid,1750206895641
76440473074388722537799893602404687230922238288182630419521127770642474448937,0.38,0.0,bid,1750206895641
5899348323059455657630528606815138588415095483052205208567031442326527433126,0.61,0.0,bid,1750206895641
76440473074388722537799893602404687230922238288182630419521127770642474448937,0.38,0.0,bid,1750206895641
5899348323059455657630528606815138588415095483052205208567031442326527433126,0.6,0.0,bid,1750206895833
76440473074388722537799893602404687230922238288182630419521127770642474448937,0.38,0.0,bid,1750206895833
5899348323059455657630528606815138588415095483052205208567031442326527433126,0.61,0.0,bid,1750206895833
76440473074388722537799893602404687230922238288182630419521127770642474448937,0.38,0.0,bid,1750206895833
5899348323059455657630528606815138588415095483052205208567031442326527433126,0.6,0.0,bid,1750206896038
76440473074388722537799893602404687230922238288182630419521127770642474448937,0.38,0.0,bid,1750206896038
5899348323059455657630528606815138588415095483052205208567031442326527433126,0.61,0.0,bid,1750206896038
76440473074388722537799893602404687230922238288182630419521127770642474448937,0.38,0.0,bid,1750206896038
5899348323059455657630528606815138588415095483052205208567031442326527433126,0.6,0.0,bid,1750206896145
76440473074388722537799893602404687230922238288182630419521127770642474448937,0.38,0.0,bid,1750206896145
5899348323059455657630528606815138588415095483052205208567031442326527433126,0.61,0.0,bid,1750206896145
76440473074388722537799893602404687230922238288182630419521127770642474448937,0.38,0.0,bid,1750206896145
5899348323059455657630528606815138588415095483052205208567031442326527433126,0.6,0.0,bid,1750206896344
76440473074388722537799893602404687230922238288182630419521127770642474448937,0.38,0.0,bid,1750206896344
5899348323059455657630528606815138588415095483052205208567031442326527433126,0.61,0.0,bid,1750206896344
76440473074388722537799893602404687230922238288182630419521127770642474448937,0.38,0.0,bid,1750206896344
5899348323059455657630528606815138588415095483052205208567031442326527433126,0.6,0.0,bid,1750206896437
76440473074388722537799893602404687230922238288182630419521127770642474448937,0.38,0.0,bid,1750206896437
5899348323059455657630528606815138588415095483052205208567031442326527433126,0.61,0.0,bid,1750206896437
76440473074388722537799893602404687230922238288182630419521127770642474448937,0.38,0.0,bid,1750206896437
5899348323059455657630528606815138588415095483052205208567031442326527433126,0.6,0.0,bid,1750206896527
76440473074388722537799893602404687230922238288182630419521127770642474448937,0.38,0.0,bid,1750206896527
5899348323059455657630528606815138588415095483052205208567031442326527433126,0.61,0.0,bid,1750206896527
76440473074388722537799893602404687230922238288182630419521127770642474448937,0.38,0.0,bid,1750206896527
5899348323059455657630528606815138588415095483052205208567031442326527433126,0.6,0.0,bid,1750206896644
76440473074388722537799893602404687230922238288182630419521127770642474448937,0.38,0.0,bid,1750206896644
5899348323059455657630528606815138588415095483052205208567031442326527433126,0.61,0.0,bid,1750206896644
76440473074388722537799893602404687230922238288182630419521127770642474448937,0.38,0.0,bid,1750206896644
5899348323059455657630528606815138588415095483052205208567031442326527433126,0.6,0.0,bid,1750206896750
76440473074388722537799893602404687230922238288182630419521127770642474448937,0.38,0.0,bid,1750206896750
5899348323059455657630528606815138588415095483052205208567031442326527433126,0.61,0.0,bid,1750206896750
76440473074388722537799893602404687230922238288182630419521127770642474448937,0.38,0.0,bid,1750206896750
5899348323059455657630528606815138588415095483052205208567031442326527433126,0.6,0.0,bid,1750206897540
76440473074388722537799893602404687230922238288182630419521127770642474448937,0.38,0.0,bid,1750206897540
5899348323059455657630528606815138588415095483052205208567031442326527433126,0.61,0.0,bid,1750206897540
76440473074388722537799893602404687230922238288182630419521127770642474448937,0.38,0.0,bid,1750206897540
5899348323059455657630528606815138588415095483052205208567031442326527433126,0.6,0.0,bid,1750206897645
76440473074388722537799893602404687230922238288182630419521127770642474448937,0.38,0.0,bid,1750206897645
5899348323059455657630528606815138588415095483052205208567031442326527433126,0.61,0.0,bid,1750206897645
76440473074388722537799893602404687230922238288182630419521127770642474448937,0.38,0.0,bid,1750206897645
5899348323059455657630528606815138588415095483052205208567031442326527433126,0.6,0.0,bid,1750206897846
76440473074388722537799893602404687230922238288182630419521127770642474448937,0.38,0.0,bid,1750206897846
5899348323059455657630528606815138588415095483052205208567031442326527433126,0.61,0.0,bid,1750206897846
76440473074388722537799893602404687230922238288182630419521127770642474448937,0.38,0.0,bid,1750206897846
5899348323059455657630528606815138588415095483052205208567031442326527433126,0.6,0.0,bid,1750206898140
76440473074388722537799893602404687230922238288182630419521127770642474448937,0.38,0.0,bid,1750206898140
5899348323059455657630528606815138588415095483052205208567031442326527433126,0.61,0.0,bid,1750206898140
76440473074388722537799893602404687230922238288182630419521127770642474448937,0.38,0.0,bid,1750206898140
5899348323059455657630528606815138588415095483052205208567031442326527433126,0.6,0.0,bid,1750206899240
76440473074388722537799893602404687230922238288182630419521127770642474448937,0.38,0.0,bid,1750206899240
5899348323059455657630528606815138588415095483052205208567031442326527433126,0.61,0.0,bid,1750206899240
76440473074388722537799893602404687230922238288182630419521127770642474448937,0.38,0.0,bid,1750206899240
5899348323059455657630528606815138588415095483052205208567031442326527433126,0.6,0.0,bid,1750206899453
76440473074388722537799893602404687230922238288182630419521127770642474448937,0.38,0.0,bid,1750206899453
5899348323059455657630528606815138588415095483052205208567031442326527433126,0.61,0.0,bid,1750206899453
76440473074388722537799893602404687230922238288182630419521127770642474448937,0.38,0.0,bid,1750206899453
5899348323059455657630528606815138588415095483052205208567031442326527433126,0.6,0.0,bid,1750206899566
76440473074388722537799893602404687230922238288182630419521127770642474448937,0.38,0.0,bid,1750206899566
5899348323059455657630528606815138588415095483052205208567031442326527433126,0.61,0.0,bid,1750206899566
76440473074388722537799893602404687230922238288182630419521127770642474448937,0.38,0.0,bid,1750206899566
5899348323059455657630528606815138588415095483052205208567031442326527433126,0.6,0.0,bid,1750206900193
76440473074388722537799893602404687230922238288182630419521127770642474448937,0.38,0.0,bid,1750206900193
5899348323059455657630528606815138588415095483052205208567031442326527433126,0.61,0.0,bid,1750206900193
76440473074388722537799893602404687230922238288182630419521127770642474448937,0.38,0.0,bid,1750206900193
5899348323059455657630528606815138588415095483052205208567031442326527433126,0.6,0.0,bid,1750206900543
76440473074388722537799893602404687230922238288182630419521127770642474448937,0.38,0.0,bid,1750206900543
5899348323059455657630528606815138588415095483052205208567031442326527433126,0.61,0.0,bid,1750206900543
76440473074388722537799893602404687230922238288182630419521127770642474448937,0.38,0.0,bid,1750206900543
5899348323059455657630528606815138588415095483052205208567031442326527433126,0.6,0.0,bid,1750206901077
76440473074388722537799893602404687230922238288182630419521127770642474448937,0.38,0.0,bid,1750206901077
5899348323059455657630528606815138588415095483052205208567031442326527433126,0.61,0.0,bid,1750206901077
76440473074388722537799893602404687230922238288182630419521127770642474448937,0.38,0.0,bid,1750206901077
5899348323059455657630528606815138588415095483052205208567031442326527433126,0.6,0.0,bid,1750206901864
76440473074388722537799893602404687230922238288182630419521127770642474448937,0.38,0.0,bid,1750206901864
5899348323059455657630528606815138588415095483052205208567031442326527433126,0.61,0.0,bid,1750206901864
76440473074388722537799893602404687230922238288182630419521127770642474448937,0.38,0.0,bid,1750206901864
5899348323059455657630528606815138588415095483052205208567031442326527433126,0.6,0.0,bid,1750206901962
76440473074388722537799893602404687230922238288182630419521127770642474448937,0.38,0.0,bid,1750206901962
5899348323059455657630528606815138588415095483052205208567031442326527433126,0.61,0.0,bid,1750206901962
76440473074388722537799893602404687230922238288182630419521127770642474448937,0.38,0.0,bid,1750206901962
5899348323059455657630528606815138588415095483052205208567031442326527433126,0.6,0.0,bid,1750206903599
76440473074388722537799893602404687230922238288182630419521127770642474448937,0.38,0.0,bid,1750206903599
5899348323059455657630528606815138588415095483052205208567031442326527433126,0.61,0.0,bid,1750206903599
76440473074388722537799893602404687230922238288182630419521127770642474448937,0.38,0.0,bid,1750206903599
5899348323059455657630528606815138588415095483052205208567031442326527433126,0.6,0.0,bid,1750206903695
76440473074388722537799893602404687230922238288182630419521127770642474448937,0.38,0.0,bid,1750206903695
5899348323059455657630528606815138588415095483052205208567031442326527433126,0.61,0.0,bid,1750206903695
76440473074388722537799893602404687230922238288182630419521127770642474448937,0.38,0.0,bid,1750206903695
5899348323059455657630528606815138588415095483052205208567031442326527433126,0.6,0.0,bid,1750206905893
76440473074388722537799893602404687230922238288182630419521127770642474448937,0.38,0.0,bid,1750206905893
5899348323059455657630528606815138588415095483052205208567031442326527433126,0.61,0.0,bid,1750206905893
76440473074388722537799893602404687230922238288182630419521127770642474448937,0.38,0.0,bid,1750206905893
5899348323059455657630528606815138588415095483052205208567031442326527433126,0.6,0.0,bid,1750206912434
76440473074388722537799893602404687230922238288182630419521127770642474448937,0.38,0.0,bid,1750206912434
5899348323059455657630528606815138588415095483052205208567031442326527433126,0.61,0.0,bid,1750206912434
76440473074388722537799893602404687230922238288182630419521127770642474448937,0.38,0.0,bid,1750206912434
5899348323059455657630528606815138588415095483052205208567031442326527433126,0.6,0.0,bid,1750206912525
76440473074388722537799893602404687230922238288182630419521127770642474448937,0.38,0.0,bid,1750206912525
5899348323059455657630528606815138588415095483052205208567031442326527433126,0.61,0.0,bid,1750206912525
76440473074388722537799893602404687230922238288182630419521127770642474448937,0.38,0.0,bid,1750206912525
5899348323059455657630528606815138588415095483052205208567031442326527433126,0.6,0.0,bid,1750206912728
76440473074388722537799893602404687230922238288182630419521127770642474448937,0.38,0.0,bid,1750206912728
5899348323059455657630528606815138588415095483052205208567031442326527433126,0.61,0.0,bid,1750206912728
76440473074388722537799893602404687230922238288182630419521127770642474448937,0.38,0.0,bid,1750206912728
5899348323059455657630528606815138588415095483052205208567031442326527433126,0.6,0.0,bid,1750206912840
76440473074388722537799893602404687230922238288182630419521127770642474448937,0.38,0.0,bid,1750206912840
5899348323059455657630528606815138588415095483052205208567031442326527433126,0.61,0.0,bid,1750206912840
76440473074388722537799893602404687230922238288182630419521127770642474448937,0.38,0.0,bid,1750206912840
5899348323059455657630528606815138588415095483052205208567031442326527433126,0.6,0.0,bid,1750206916551
76440473074388722537799893602404687230922238288182630419521127770642474448937,0.38,0.0,bid,1750206916551
5899348323059455657630528606815138588415095483052205208567031442326527433126,0.61,0.0,bid,1750206916551
76440473074388722537799893602404687230922238288182630419521127770642474448937,0.38,0.0,bid,1750206916551
5899348323059455657630528606815138588415095483052205208567031442326527433126,0.6,0.0,bid,1750206918658
76440473074388722537799893602404687230922238288182630419521127770642474448937,0.38,0.0,bid,1750206918658
5899348323059455657630528606815138588415095483052205208567031442326527433126,0.61,0.0,bid,1750206918658
76440473074388722537799893602404687230922238288182630419521127770642474448937,0.38,0.0,bid,1750206918658
5899348323059455657630528606815138588415095483052205208567031442326527433126,0.6,0.0,bid,1750206918755
76440473074388722537799893602404687230922238288182630419521127770642474448937,0.38,0.0,bid,1750206918755
5899348323059455657630528606815138588415095483052205208567031442326527433126,0.61,0.0,bid,1750206918755
76440473074388722537799893602404687230922238288182630419521127770642474448937,0.38,0.0,bid,1750206918755
5899348323059455657630528606815138588415095483052205208567031442326527433126,0.6,0.0,bid,1750206919436
76440473074388722537799893602404687230922238288182630419521127770642474448937,0.38,0.0,bid,1750206919436
5899348323059455657630528606815138588415095483052205208567031442326527433126,0.61,0.0,bid,1750206919436
76440473074388722537799893602404687230922238288182630419521127770642474448937,0.38,0.0,bid,1750206919436
5899348323059455657630528606815138588415095483052205208567031442326527433126,0.6,0.0,bid,1750206919536
76440473074388722537799893602404687230922238288182630419521127770642474448937,0.38,0.0,bid,1750206919536
5899348323059455657630528606815138588415095483052205208567031442326527433126,0.61,0.0,bid,1750206919536
76440473074388722537799893602404687230922238288182630419521127770642474448937,0.38,0.0,bid,1750206919536
5899348323059455657630528606815138588415095483052205208567031442326527433126,0.6,0.0,bid,1750206919655
76440473074388722537799893602404687230922238288182630419521127770642474448937,0.38,0.0,bid,1750206919655
5899348323059455657630528606815138588415095483052205208567031442326527433126,0.61,0.0,bid,1750206919655
76440473074388722537799893602404687230922238288182630419521127770642474448937,0.38,0.0,bid,1750206919655
5899348323059455657630528606815138588415095483052205208567031442326527433126,0.6,0.0,bid,1750206919939
76440473074388722537799893602404687230922238288182630419521127770642474448937,0.38,0.0,bid,1750206919939
5899348323059455657630528606815138588415095483052205208567031442326527433126,0.61,0.0,bid,1750206919939
76440473074388722537799893602404687230922238288182630419521127770642474448937,0.38,0.0,bid,1750206919939
5899348323059455657630528606815138588415095483052205208567031442326527433126,0.6,0.0,bid,1750206920063
76440473074388722537799893602404687230922238288182630419521127770642474448937,0.38,0.0,bid,1750206920063
5899348323059455657630528606815138588415095483052205208567031442326527433126,0.61,0.0,bid,1750206920063
76440473074388722537799893602404687230922238288182630419521127770642474448937,0.38,0.0,bid,1750206920063
5899348323059455657630528606815138588415095483052205208567031442326527433126,0.6,0.0,bid,1750206920482
76440473074388722537799893602404687230922238288182630419521127770642474448937,0.38,0.0,bid,1750206920482
5899348323059455657630528606815138588415095483052205208567031442326527433126,0.61,0.0,bid,1750206920482
76440473074388722537799893602404687230922238288182630419521127770642474448937,0.38,0.0,bid,1750206920482
5899348323059455657630528606815138588415095483052205208567031442326527433126,0.6,0.0,bid,1750206920647
76440473074388722537799893602404687230922238288182630419521127770642474448937,0.38,0.0,bid,1750206920647
5899348323059455657630528606815138588415095483052205208567031442326527433126,0.61,0.0,bid,1750206920647
76440473074388722537799893602404687230922238288182630419521127770642474448937,0.38,0.0,bid,1750206920647
5899348323059455657630528606815138588415095483052205208567031442326527433126,0.6,0.0,bid,1750206923486
76440473074388722537799893602404687230922238288182630419521127770642474448937,0.38,0.0,bid,1750206923486
5899348323059455657630528606815138588415095483052205208567031442326527433126,0.61,0.0,bid,1750206923486
76440473074388722537799893602404687230922238288182630419521127770642474448937,0.38,0.0,bid,1750206923486
5899348323059455657630528606815138588415095483052205208567031442326527433126,0.6,0.0,bid,1750206923674
76440473074388722537799893602404687230922238288182630419521127770642474448937,0.38,0.0,bid,1750206923674
5899348323059455657630528606815138588415095483052205208567031442326527433126,0.61,0.0,bid,1750206923674
76440473074388722537799893602404687230922238288182630419521127770642474448937,0.38,0.0,bid,1750206923674
5899348323059455657630528606815138588415095483052205208567031442326527433126,0.6,0.0,bid,1750206923874
76440473074388722537799893602404687230922238288182630419521127770642474448937,0.38,0.0,bid,1750206923874
5899348323059455657630528606815138588415095483052205208567031442326527433126,0.61,0.0,bid,1750206923874
76440473074388722537799893602404687230922238288182630419521127770642474448937,0.38,0.0,bid,1750206923874
5899348323059455657630528606815138588415095483052205208567031442326527433126,0.6,0.0,bid,1750206923970
76440473074388722537799893602404687230922238288182630419521127770642474448937,0.38,0.0,bid,1750206923970
5899348323059455657630528606815138588415095483052205208567031442326527433126,0.61,0.0,bid,1750206923970
76440473074388722537799893602404687230922238288182630419521127770642474448937,0.38,0.0,bid,1750206923970
5899348323059455657630528606815138588415095483052205208567031442326527433126,0.6,0.0,bid,1750206924284
76440473074388722537799893602404687230922238288182630419521127770642474448937,0.38,0.0,bid,1750206924284
5899348323059455657630528606815138588415095483052205208567031442326527433126,0.61,0.0,bid,1750206924284
76440473074388722537799893602404687230922238288182630419521127770642474448937,0.38,0.0,bid,1750206924284
5899348323059455657630528606815138588415095483052205208567031442326527433126,0.6,0.0,bid,1750206924571
76440473074388722537799893602404687230922238288182630419521127770642474448937,0.38,0.0,bid,1750206924571
5899348323059455657630528606815138588415095483052205208567031442326527433126,0.61,0.0,bid,1750206924571
76440473074388722537799893602404687230922238288182630419521127770642474448937,0.38,0.0,bid,1750206924571
5899348323059455657630528606815138588415095483052205208567031442326527433126,0.6,0.0,bid,1750206924833
76440473074388722537799893602404687230922238288182630419521127770642474448937,0.38,0.0,bid,1750206924833
5899348323059455657630528606815138588415095483052205208567031442326527433126,0.61,0.0,bid,1750206924833
76440473074388722537799893602404687230922238288182630419521127770642474448937,0.38,0.0,bid,1750206924833
5899348323059455657630528606815138588415095483052205208567031442326527433126,0.6,0.0,bid,1750206928531
76440473074388722537799893602404687230922238288182630419521127770642474448937,0.38,0.0,bid,1750206928531
5899348323059455657630528606815138588415095483052205208567031442326527433126,0.61,0.0,bid,1750206928531
76440473074388722537799893602404687230922238288182630419521127770642474448937,0.38,0.0,bid,1750206928531
5899348323059455657630528606815138588415095483052205208567031442326527433126,0.6,0.0,bid,1750206933250
76440473074388722537799893602404687230922238288182630419521127770642474448937,0.38,0.0,bid,1750206933250
5899348323059455657630528606815138588415095483052205208567031442326527433126,0.61,0.0,bid,1750206933250
76440473074388722537799893602404687230922238288182630419521127770642474448937,0.38,0.0,bid,1750206933250
5899348323059455657630528606815138588415095483052205208567031442326527433126,0.6,0.0,bid,1750206935344
76440473074388722537799893602404687230922238288182630419521127770642474448937,0.38,0.0,bid,1750206935344
5899348323059455657630528606815138588415095483052205208567031442326527433126,0.61,0.0,bid,1750206935344
76440473074388722537799893602404687230922238288182630419521127770642474448937,0.38,0.0,bid,1750206935344
5899348323059455657630528606815138588415095483052205208567031442326527433126,0.6,0.0,bid,1750206935442
76440473074388722537799893602404687230922238288182630419521127770642474448937,0.38,0.0,bid,1750206935442
5899348323059455657630528606815138588415095483052205208567031442326527433126,0.61,0.0,bid,1750206935442
76440473074388722537799893602404687230922238288182630419521127770642474448937,0.38,0.0,bid,1750206935442
5899348323059455657630528606815138588415095483052205208567031442326527433126,0.6,0.0,bid,1750206935541
76440473074388722537799893602404687230922238288182630419521127770642474448937,0.38,0.0,bid,1750206935541
5899348323059455657630528606815138588415095483052205208567031442326527433126,0.61,0.0,bid,1750206935541
76440473074388722537799893602404687230922238288182630419521127770642474448937,0.38,0.0,bid,1750206935541
5899348323059455657630528606815138588415095483052205208567031442326527433126,0.6,0.0,bid,1750206935645
76440473074388722537799893602404687230922238288182630419521127770642474448937,0.38,0.0,bid,1750206935645
5899348323059455657630528606815138588415095483052205208567031442326527433126,0.61,0.0,bid,1750206935645
76440473074388722537799893602404687230922238288182630419521127770642474448937,0.38,0.0,bid,1750206935645
5899348323059455657630528606815138588415095483052205208567031442326527433126,0.6,0.0,bid,1750206935760
76440473074388722537799893602404687230922238288182630419521127770642474448937,0.38,0.0,bid,1750206935760
5899348323059455657630528606815138588415095483052205208567031442326527433126,0.61,0.0,bid,1750206935760
76440473074388722537799893602404687230922238288182630419521127770642474448937,0.38,0.0,bid,1750206935760
5899348323059455657630528606815138588415095483052205208567031442326527433126,0.6,0.0,bid,1750206936064
76440473074388722537799893602404687230922238288182630419521127770642474448937,0.38,0.0,bid,1750206936064
5899348323059455657630528606815138588415095483052205208567031442326527433126,0.61,0.0,bid,1750206936064
76440473074388722537799893602404687230922238288182630419521127770642474448937,0.38,0.0,bid,1750206936064
5899348323059455657630528606815138588415095483052205208567031442326527433126,0.6,0.0,bid,1750206936276
76440473074388722537799893602404687230922238288182630419521127770642474448937,0.38,0.0,bid,1750206936276
5899348323059455657630528606815138588415095483052205208567031442326527433126,0.61,0.0,bid,1750206936276
76440473074388722537799893602404687230922238288182630419521127770642474448937,0.38,0.0,bid,1750206936276
5899348323059455657630528606815138588415095483052205208567031442326527433126,0.6,0.0,bid,1750206936347
76440473074388722537799893602404687230922238288182630419521127770642474448937,0.38,0.0,bid,1750206936347
5899348323059455657630528606815138588415095483052205208567031442326527433126,0.61,0.0,bid,1750206936347
76440473074388722537799893602404687230922238288182630419521127770642474448937,0.38,0.0,bid,1750206936347
5899348323059455657630528606815138588415095483052205208567031442326527433126,0.6,0.0,bid,1750206936453
76440473074388722537799893602404687230922238288182630419521127770642474448937,0.38,0.0,bid,1750206936453
5899348323059455657630528606815138588415095483052205208567031442326527433126,0.61,0.0,bid,1750206936453
76440473074388722537799893602404687230922238288182630419521127770642474448937,0.38,0.0,bid,1750206936453
5899348323059455657630528606815138588415095483052205208567031442326527433126,0.6,0.0,bid,1750206936563
76440473074388722537799893602404687230922238288182630419521127770642474448937,0.38,0.0,bid,1750206936563
5899348323059455657630528606815138588415095483052205208567031442326527433126,0.61,0.0,bid,1750206936563
76440473074388722537799893602404687230922238288182630419521127770642474448937,0.38,0.0,bid,1750206936563
5899348323059455657630528606815138588415095483052205208567031442326527433126,0.6,0.0,bid,1750206936653
76440473074388722537799893602404687230922238288182630419521127770642474448937,0.38,0.0,bid,1750206936653
5899348323059455657630528606815138588415095483052205208567031442326527433126,0.61,0.0,bid,1750206936653
76440473074388722537799893602404687230922238288182630419521127770642474448937,0.38,0.0,bid,1750206936653
5899348323059455657630528606815138588415095483052205208567031442326527433126,0.6,0.0,bid,1750206936759
76440473074388722537799893602404687230922238288182630419521127770642474448937,0.38,0.0,bid,1750206936759
5899348323059455657630528606815138588415095483052205208567031442326527433126,0.61,0.0,bid,1750206936759
76440473074388722537799893602404687230922238288182630419521127770642474448937,0.38,0.0,bid,1750206936759
5899348323059455657630528606815138588415095483052205208567031442326527433126,0.6,0.0,bid,1750206936843
76440473074388722537799893602404687230922238288182630419521127770642474448937,0.38,0.0,bid,1750206936843
5899348323059455657630528606815138588415095483052205208567031442326527433126,0.61,0.0,bid,1750206936843
76440473074388722537799893602404687230922238288182630419521127770642474448937,0.38,0.0,bid,1750206936843
5899348323059455657630528606815138588415095483052205208567031442326527433126,0.6,0.0,bid,1750206936945
76440473074388722537799893602404687230922238288182630419521127770642474448937,0.38,0.0,bid,1750206936945
5899348323059455657630528606815138588415095483052205208567031442326527433126,0.61,0.0,bid,1750206936945
76440473074388722537799893602404687230922238288182630419521127770642474448937,0.38,0.0,bid,1750206936945
5899348323059455657630528606815138588415095483052205208567031442326527433126,0.6,0.0,bid,1750206937432
76440473074388722537799893602404687230922238288182630419521127770642474448937,0.38,0.0,bid,1750206937432
5899348323059455657630528606815138588415095483052205208567031442326527433126,0.61,0.0,bid,1750206937432
76440473074388722537799893602404687230922238288182630419521127770642474448937,0.38,0.0,bid,1750206937432
5899348323059455657630528606815138588415095483052205208567031442326527433126,0.6,0.0,bid,1750206938103
76440473074388722537799893602404687230922238288182630419521127770642474448937,0.38,0.0,bid,1750206938103
5899348323059455657630528606815138588415095483052205208567031442326527433126,0.61,0.0,bid,1750206938103
76440473074388722537799893602404687230922238288182630419521127770642474448937,0.38,0.0,bid,1750206938103
5899348323059455657630528606815138588415095483052205208567031442326527433126,0.6,0.0,bid,1750206938381
76440473074388722537799893602404687230922238288182630419521127770642474448937,0.38,0.0,bid,1750206938381
5899348323059455657630528606815138588415095483052205208567031442326527433126,0.61,0.0,bid,1750206938381
76440473074388722537799893602404687230922238288182630419521127770642474448937,0.38,0.0,bid,1750206938381
5899348323059455657630528606815138588415095483052205208567031442326527433126,0.6,0.0,bid,1750206938968
76440473074388722537799893602404687230922238288182630419521127770642474448937,0.38,0.0,bid,1750206938968
5899348323059455657630528606815138588415095483052205208567031442326527433126,0.61,0.0,bid,1750206938968
76440473074388722537799893602404687230922238288182630419521127770642474448937,0.38,0.0,bid,1750206938968
5899348323059455657630528606815138588415095483052205208567031442326527433126,0.6,0.0,bid,1750206939074
76440473074388722537799893602404687230922238288182630419521127770642474448937,0.38,0.0,bid,1750206939074
5899348323059455657630528606815138588415095483052205208567031442326527433126,0.61,0.0,bid,1750206939074
76440473074388722537799893602404687230922238288182630419521127770642474448937,0.38,0.0,bid,1750206939074
5899348323059455657630528606815138588415095483052205208567031442326527433126,0.6,0.0,bid,1750206939187
76440473074388722537799893602404687230922238288182630419521127770642474448937,0.38,0.0,bid,1750206939187
5899348323059455657630528606815138588415095483052205208567031442326527433126,0.61,0.0,bid,1750206939187
76440473074388722537799893602404687230922238288182630419521127770642474448937,0.38,0.0,bid,1750206939187
5899348323059455657630528606815138588415095483052205208567031442326527433126,0.6,0.0,bid,1750206939265
76440473074388722537799893602404687230922238288182630419521127770642474448937,0.38,0.0,bid,1750206939265
5899348323059455657630528606815138588415095483052205208567031442326527433126,0.61,0.0,bid,1750206939265
76440473074388722537799893602404687230922238288182630419521127770642474448937,0.38,0.0,bid,1750206939265
5899348323059455657630528606815138588415095483052205208567031442326527433126,0.6,0.0,bid,1750206939593
76440473074388722537799893602404687230922238288182630419521127770642474448937,0.38,0.0,bid,1750206939593
5899348323059455657630528606815138588415095483052205208567031442326527433126,0.61,0.0,bid,1750206939593
76440473074388722537799893602404687230922238288182630419521127770642474448937,0.38,0.0,bid,1750206939593
5899348323059455657630528606815138588415095483052205208567031442326527433126,0.6,0.0,bid,1750206939708
76440473074388722537799893602404687230922238288182630419521127770642474448937,0.38,0.0,bid,1750206939708
5899348323059455657630528606815138588415095483052205208567031442326527433126,0.61,0.0,bid,1750206939708
76440473074388722537799893602404687230922238288182630419521127770642474448937,0.38,0.0,bid,1750206939708
5899348323059455657630528606815138588415095483052205208567031442326527433126,0.6,0.0,bid,1750206940075
76440473074388722537799893602404687230922238288182630419521127770642474448937,0.38,0.0,bid,1750206940075
5899348323059455657630528606815138588415095483052205208567031442326527433126,0.61,0.0,bid,1750206940075
76440473074388722537799893602404687230922238288182630419521127770642474448937,0.38,0.0,bid,1750206940075
5899348323059455657630528606815138588415095483052205208567031442326527433126,0.6,0.0,bid,1750206940284
76440473074388722537799893602404687230922238288182630419521127770642474448937,0.38,0.0,bid,1750206940284
5899348323059455657630528606815138588415095483052205208567031442326527433126,0.61,0.0,bid,1750206940284
76440473074388722537799893602404687230922238288182630419521127770642474448937,0.38,0.0,bid,1750206940284
5899348323059455657630528606815138588415095483052205208567031442326527433126,0.6,0.0,bid,1750206940404
76440473074388722537799893602404687230922238288182630419521127770642474448937,0.38,0.0,bid,1750206940404
5899348323059455657630528606815138588415095483052205208567031442326527433126,0.61,0.0,bid,1750206940404
76440473074388722537799893602404687230922238288182630419521127770642474448937,0.38,0.0,bid,1750206940404
5899348323059455657630528606815138588415095483052205208567031442326527433126,0.6,0.0,bid,1750206940588
76440473074388722537799893602404687230922238288182630419521127770642474448937,0.37,0.0,bid,1750206940588
5899348323059455657630528606815138588415095483052205208567031442326527433126,0.61,0.0,bid,1750206940588
76440473074388722537799893602404687230922238288182630419521127770642474448937,0.37,0.0,bid,1750206940588
5899348323059455657630528606815138588415095483052205208567031442326527433126,0.62,0.0,bid,1750206940588
76440473074388722537799893602404687230922238288182630419521127770642474448937,0.37,0.0,bid,1750206940588
5899348323059455657630528606815138588415095483052205208567031442326527433126,0.6,0.0,bid,1750206940784
76440473074388722537799893602404687230922238288182630419521127770642474448937,0.37,0.0,bid,1750206940784
5899348323059455657630528606815138588415095483052205208567031442326527433126,0.61,0.0,bid,1750206940784
76440473074388722537799893602404687230922238288182630419521127770642474448937,0.37,0.0,bid,1750206940784
5899348323059455657630528606815138588415095483052205208567031442326527433126,0.62,0.0,bid,1750206940784
76440473074388722537799893602404687230922238288182630419521127770642474448937,0.37,0.0,bid,1750206940784
5899348323059455657630528606815138588415095483052205208567031442326527433126,0.6,0.0,bid,1750206941124
76440473074388722537799893602404687230922238288182630419521127770642474448937,0.37,0.0,bid,1750206941124
5899348323059455657630528606815138588415095483052205208567031442326527433126,0.61,0.0,bid,1750206941124
76440473074388722537799893602404687230922238288182630419521127770642474448937,0.37,0.0,bid,1750206941124
5899348323059455657630528606815138588415095483052205208567031442326527433126,0.62,0.0,bid,1750206941124
76440473074388722537799893602404687230922238288182630419521127770642474448937,0.37,0.0,bid,1750206941124
5899348323059455657630528606815138588415095483052205208567031442326527433126,0.6,0.0,bid,1750206941287
76440473074388722537799893602404687230922238288182630419521127770642474448937,0.37,0.0,bid,1750206941287
5899348323059455657630528606815138588415095483052205208567031442326527433126,0.61,0.0,bid,1750206941287
76440473074388722537799893602404687230922238288182630419521127770642474448937,0.37,0.0,bid,1750206941287
5899348323059455657630528606815138588415095483052205208567031442326527433126,0.62,0.0,bid,1750206941287
76440473074388722537799893602404687230922238288182630419521127770642474448937,0.37,0.0,bid,1750206941287
5899348323059455657630528606815138588415095483052205208567031442326527433126,0.6,0.0,bid,1750206941477
76440473074388722537799893602404687230922238288182630419521127770642474448937,0.37,0.0,bid,1750206941477
5899348323059455657630528606815138588415095483052205208567031442326527433126,0.61,0.0,bid,1750206941477
76440473074388722537799893602404687230922238288182630419521127770642474448937,0.37,0.0,bid,1750206941477
5899348323059455657630528606815138588415095483052205208567031442326527433126,0.62,0.0,bid,1750206941477
76440473074388722537799893602404687230922238288182630419521127770642474448937,0.37,0.0,bid,1750206941477
5899348323059455657630528606815138588415095483052205208567031442326527433126,0.6,0.0,bid,1750206941582
76440473074388722537799893602404687230922238288182630419521127770642474448937,0.37,0.0,bid,1750206941582
5899348323059455657630528606815138588415095483052205208567031442326527433126,0.61,0.0,bid,1750206941582
76440473074388722537799893602404687230922238288182630419521127770642474448937,0.37,0.0,bid,1750206941582
5899348323059455657630528606815138588415095483052205208567031442326527433126,0.62,0.0,bid,1750206941582
76440473074388722537799893602404687230922238288182630419521127770642474448937,0.37,0.0,bid,1750206941582
5899348323059455657630528606815138588415095483052205208567031442326527433126,0.6,0.0,bid,1750206941675
76440473074388722537799893602404687230922238288182630419521127770642474448937,0.37,0.0,bid,1750206941675
5899348323059455657630528606815138588415095483052205208567031442326527433126,0.61,0.0,bid,1750206941675
76440473074388722537799893602404687230922238288182630419521127770642474448937,0.37,0.0,bid,1750206941675
5899348323059455657630528606815138588415095483052205208567031442326527433126,0.62,0.0,bid,1750206941675
76440473074388722537799893602404687230922238288182630419521127770642474448937,0.37,0.0,bid,1750206941675
5899348323059455657630528606815138588415095483052205208567031442326527433126,0.6,0.0,bid,1750206941901
76440473074388722537799893602404687230922238288182630419521127770642474448937,0.37,0.0,bid,1750206941901
5899348323059455657630528606815138588415095483052205208567031442326527433126,0.61,0.0,bid,1750206941901
76440473074388722537799893602404687230922238288182630419521127770642474448937,0.37,0.0,bid,1750206941901
5899348323059455657630528606815138588415095483052205208567031442326527433126,0.62,0.0,bid,1750206941901
76440473074388722537799893602404687230922238288182630419521127770642474448937,0.37,0.0,bid,1750206941901
5899348323059455657630528606815138588415095483052205208567031442326527433126,0.6,0.0,bid,1750206942111
76440473074388722537799893602404687230922238288182630419521127770642474448937,0.37,0.0,bid,1750206942111
5899348323059455657630528606815138588415095483052205208567031442326527433126,0.61,0.0,bid,1750206942111
76440473074388722537799893602404687230922238288182630419521127770642474448937,0.37,0.0,bid,1750206942111
5899348323059455657630528606815138588415095483052205208567031442326527433126,0.62,0.0,bid,1750206942111
76440473074388722537799893602404687230922238288182630419521127770642474448937,0.37,0.0,bid,1750206942111
5899348323059455657630528606815138588415095483052205208567031442326527433126,0.6,0.0,bid,1750206942695
76440473074388722537799893602404687230922238288182630419521127770642474448937,0.37,0.0,bid,1750206942695
5899348323059455657630528606815138588415095483052205208567031442326527433126,0.61,0.0,bid,1750206942695
76440473074388722537799893602404687230922238288182630419521127770642474448937,0.37,0.0,bid,1750206942695
5899348323059455657630528606815138588415095483052205208567031442326527433126,0.62,0.0,bid,1750206942695
76440473074388722537799893602404687230922238288182630419521127770642474448937,0.37,0.0,bid,1750206942695
5899348323059455657630528606815138588415095483052205208567031442326527433126,0.6,0.0,bid,1750206942905
76440473074388722537799893602404687230922238288182630419521127770642474448937,0.37,0.0,bid,1750206942905
5899348323059455657630528606815138588415095483052205208567031442326527433126,0.61,0.0,bid,1750206942905
76440473074388722537799893602404687230922238288182630419521127770642474448937,0.37,0.0,bid,1750206942905
5899348323059455657630528606815138588415095483052205208567031442326527433126,0.62,0.0,bid,1750206942905
76440473074388722537799893602404687230922238288182630419521127770642474448937,0.37,0.0,bid,1750206942905
5899348323059455657630528606815138588415095483052205208567031442326527433126,0.6,0.0,bid,1750206943003
76440473074388722537799893602404687230922238288182630419521127770642474448937,0.37,0.0,bid,1750206943003
5899348323059455657630528606815138588415095483052205208567031442326527433126,0.61,0.0,bid,1750206943003
76440473074388722537799893602404687230922238288182630419521127770642474448937,0.37,0.0,bid,1750206943003
5899348323059455657630528606815138588415095483052205208567031442326527433126,0.62,0.0,bid,1750206943003
76440473074388722537799893602404687230922238288182630419521127770642474448937,0.37,0.0,bid,1750206943003
5899348323059455657630528606815138588415095483052205208567031442326527433126,0.6,0.0,bid,1750206943288
76440473074388722537799893602404687230922238288182630419521127770642474448937,0.37,0.0,bid,1750206943288
5899348323059455657630528606815138588415095483052205208567031442326527433126,0.61,0.0,bid,1750206943288
76440473074388722537799893602404687230922238288182630419521127770642474448937,0.37,0.0,bid,1750206943288
5899348323059455657630528606815138588415095483052205208567031442326527433126,0.62,0.0,bid,1750206943288
76440473074388722537799893602404687230922238288182630419521127770642474448937,0.37,0.0,bid,1750206943288
5899348323059455657630528606815138588415095483052205208567031442326527433126,0.6,0.0,bid,1750206943682
76440473074388722537799893602404687230922238288182630419521127770642474448937,0.37,0.0,bid,1750206943682
5899348323059455657630528606815138588415095483052205208567031442326527433126,0.61,0.0,bid,1750206943682
76440473074388722537799893602404687230922238288182630419521127770642474448937,0.37,0.0,bid,1750206943682
5899348323059455657630528606815138588415095483052205208567031442326527433126,0.62,0.0,bid,1750206943682
76440473074388722537799893602404687230922238288182630419521127770642474448937,0.37,0.0,bid,1750206943682
5899348323059455657630528606815138588415095483052205208567031442326527433126,0.6,0.0,bid,1750206943804
76440473074388722537799893602404687230922238288182630419521127770642474448937,0.37,0.0,bid,1750206943804
5899348323059455657630528606815138588415095483052205208567031442326527433126,0.61,0.0,bid,1750206943804
76440473074388722537799893602404687230922238288182630419521127770642474448937,0.37,0.0,bid,1750206943804
5899348323059455657630528606815138588415095483052205208567031442326527433126,0.62,0.0,bid,1750206943804
76440473074388722537799893602404687230922238288182630419521127770642474448937,0.37,0.0,bid,1750206943804
5899348323059455657630528606815138588415095483052205208567031442326527433126,0.6,0.0,bid,1750206944299
76440473074388722537799893602404687230922238288182630419521127770642474448937,0.37,0.0,bid,1750206944299
5899348323059455657630528606815138588415095483052205208567031442326527433126,0.61,0.0,bid,1750206944299
76440473074388722537799893602404687230922238288182630419521127770642474448937,0.37,0.0,bid,1750206944299
5899348323059455657630528606815138588415095483052205208567031442326527433126,0.62,0.0,bid,1750206944299
76440473074388722537799893602404687230922238288182630419521127770642474448937,0.37,0.0,bid,1750206944299
5899348323059455657630528606815138588415095483052205208567031442326527433126,0.6,0.0,bid,1750206944582
76440473074388722537799893602404687230922238288182630419521127770642474448937,0.37,0.0,bid,1750206944582
5899348323059455657630528606815138588415095483052205208567031442326527433126,0.61,0.0,bid,1750206944582
76440473074388722537799893602404687230922238288182630419521127770642474448937,0.37,0.0,bid,1750206944582
5899348323059455657630528606815138588415095483052205208567031442326527433126,0.62,0.0,bid,1750206944582
76440473074388722537799893602404687230922238288182630419521127770642474448937,0.37,0.0,bid,1750206944582
5899348323059455657630528606815138588415095483052205208567031442326527433126,0.6,0.0,bid,1750206944998
76440473074388722537799893602404687230922238288182630419521127770642474448937,0.37,0.0,bid,1750206944998
5899348323059455657630528606815138588415095483052205208567031442326527433126,0.61,0.0,bid,1750206944998
76440473074388722537799893602404687230922238288182630419521127770642474448937,0.37,0.0,bid,1750206944998
5899348323059455657630528606815138588415095483052205208567031442326527433126,0.62,0.0,bid,1750206944998
76440473074388722537799893602404687230922238288182630419521127770642474448937,0.37,0.0,bid,1750206944998
5899348323059455657630528606815138588415095483052205208567031442326527433126,0.6,0.0,bid,1750206945099
76440473074388722537799893602404687230922238288182630419521127770642474448937,0.37,0.0,bid,1750206945099
5899348323059455657630528606815138588415095483052205208567031442326527433126,0.61,0.0,bid,1750206945099
76440473074388722537799893602404687230922238288182630419521127770642474448937,0.37,0.0,bid,1750206945099
5899348323059455657630528606815138588415095483052205208567031442326527433126,0.62,0.0,bid,1750206945099
76440473074388722537799893602404687230922238288182630419521127770642474448937,0.37,0.0,bid,1750206945099
5899348323059455657630528606815138588415095483052205208567031442326527433126,0.6,0.0,bid,1750206945209
76440473074388722537799893602404687230922238288182630419521127770642474448937,0.37,0.0,bid,1750206945209
5899348323059455657630528606815138588415095483052205208567031442326527433126,0.61,0.0,bid,1750206945209
76440473074388722537799893602404687230922238288182630419521127770642474448937,0.37,0.0,bid,1750206945209
5899348323059455657630528606815138588415095483052205208567031442326527433126,0.62,0.0,bid,1750206945209
76440473074388722537799893602404687230922238288182630419521127770642474448937,0.37,0.0,bid,1750206945209
5899348323059455657630528606815138588415095483052205208567031442326527433126,0.6,0.0,bid,1750206945319
76440473074388722537799893602404687230922238288182630419521127770642474448937,0.37,0.0,bid,1750206945319
5899348323059455657630528606815138588415095483052205208567031442326527433126,0.61,0.0,bid,1750206945319
76440473074388722537799893602404687230922238288182630419521127770642474448937,0.37,0.0,bid,1750206945319
5899348323059455657630528606815138588415095483052205208567031442326527433126,0.62,0.0,bid,1750206945319
76440473074388722537799893602404687230922238288182630419521127770642474448937,0.37,0.0,bid,1750206945319
5899348323059455657630528606815138588415095483052205208567031442326527433126,0.6,0.0,bid,1750206945614
76440473074388722537799893602404687230922238288182630419521127770642474448937,0.37,0.0,bid,1750206945614
5899348323059455657630528606815138588415095483052205208567031442326527433126,0.61,0.0,bid,1750206945614
76440473074388722537799893602404687230922238288182630419521127770642474448937,0.37,0.0,bid,1750206945614
5899348323059455657630528606815138588415095483052205208567031442326527433126,0.62,0.0,bid,1750206945614
76440473074388722537799893602404687230922238288182630419521127770642474448937,0.37,0.0,bid,1750206945614
5899348323059455657630528606815138588415095483052205208567031442326527433126,0.6,0.0,bid,1750206947244
76440473074388722537799893602404687230922238288182630419521127770642474448937,0.37,0.0,bid,1750206947244
5899348323059455657630528606815138588415095483052205208567031442326527433126,0.61,0.0,bid,1750206947244
76440473074388722537799893602404687230922238288182630419521127770642474448937,0.37,0.0,bid,1750206947244
5899348323059455657630528606815138588415095483052205208567031442326527433126,0.62,0.0,bid,1750206947244
76440473074388722537799893602404687230922238288182630419521127770642474448937,0.37,0.0,bid,1750206947244
5899348323059455657630528606815138588415095483052205208567031442326527433126,0.6,0.0,bid,1750206947424
76440473074388722537799893602404687230922238288182630419521127770642474448937,0.37,0.0,bid,1750206947424
5899348323059455657630528606815138588415095483052205208567031442326527433126,0.61,0.0,bid,1750206947424
76440473074388722537799893602404687230922238288182630419521127770642474448937,0.37,0.0,bid,1750206947424
5899348323059455657630528606815138588415095483052205208567031442326527433126,0.62,0.0,bid,1750206947424
76440473074388722537799893602404687230922238288182630419521127770642474448937,0.37,0.0,bid,1750206947424
5899348323059455657630528606815138588415095483052205208567031442326527433126,0.6,0.0,bid,1750206947724
76440473074388722537799893602404687230922238288182630419521127770642474448937,0.37,0.0,bid,1750206947724
5899348323059455657630528606815138588415095483052205208567031442326527433126,0.61,0.0,bid,1750206947724
76440473074388722537799893602404687230922238288182630419521127770642474448937,0.37,0.0,bid,1750206947724
5899348323059455657630528606815138588415095483052205208567031442326527433126,0.62,0.0,bid,1750206947724
76440473074388722537799893602404687230922238288182630419521127770642474448937,0.37,0.0,bid,1750206947724
5899348323059455657630528606815138588415095483052205208567031442326527433126,0.6,0.0,bid,1750206948317
76440473074388722537799893602404687230922238288182630419521127770642474448937,0.37,0.0,bid,1750206948317
5899348323059455657630528606815138588415095483052205208567031442326527433126,0.61,0.0,bid,1750206948317
76440473074388722537799893602404687230922238288182630419521127770642474448937,0.37,0.0,bid,1750206948317
5899348323059455657630528606815138588415095483052205208567031442326527433126,0.62,0.0,bid,1750206948317
76440473074388722537799893602404687230922238288182630419521127770642474448937,0.37,0.0,bid,1750206948317
5899348323059455657630528606815138588415095483052205208567031442326527433126,0.6,0.0,bid,1750206948523
76440473074388722537799893602404687230922238288182630419521127770642474448937,0.37,0.0,bid,1750206948523
5899348323059455657630528606815138588415095483052205208567031442326527433126,0.61,0.0,bid,1750206948523
76440473074388722537799893602404687230922238288182630419521127770642474448937,0.37,0.0,bid,1750206948523
5899348323059455657630528606815138588415095483052205208567031442326527433126,0.62,0.0,bid,1750206948523
76440473074388722537799893602404687230922238288182630419521127770642474448937,0.37,0.0,bid,1750206948523
5899348323059455657630528606815138588415095483052205208567031442326527433126,0.6,0.0,bid,1750206950011
76440473074388722537799893602404687230922238288182630419521127770642474448937,0.37,0.0,bid,1750206950011
5899348323059455657630528606815138588415095483052205208567031442326527433126,0.61,0.0,bid,1750206950011
76440473074388722537799893602404687230922238288182630419521127770642474448937,0.37,0.0,bid,1750206950011
5899348323059455657630528606815138588415095483052205208567031442326527433126,0.62,0.0,bid,1750206950011
76440473074388722537799893602404687230922238288182630419521127770642474448937,0.37,0.0,bid,1750206950011
5899348323059455657630528606815138588415095483052205208567031442326527433126,0.6,0.0,bid,1750206950226
76440473074388722537799893602404687230922238288182630419521127770642474448937,0.37,0.0,bid,1750206950226
5899348323059455657630528606815138588415095483052205208567031442326527433126,0.61,0.0,bid,1750206950226
76440473074388722537799893602404687230922238288182630419521127770642474448937,0.37,0.0,bid,1750206950226
5899348323059455657630528606815138588415095483052205208567031442326527433126,0.62,0.0,bid,1750206950226
76440473074388722537799893602404687230922238288182630419521127770642474448937,0.37,0.0,bid,1750206950226
5899348323059455657630528606815138588415095483052205208567031442326527433126,0.6,0.0,bid,1750206950329
76440473074388722537799893602404687230922238288182630419521127770642474448937,0.37,0.0,bid,1750206950329
5899348323059455657630528606815138588415095483052205208567031442326527433126,0.61,0.0,bid,1750206950329
76440473074388722537799893602404687230922238288182630419521127770642474448937,0.37,0.0,bid,1750206950329
5899348323059455657630528606815138588415095483052205208567031442326527433126,0.62,0.0,bid,1750206950329
76440473074388722537799893602404687230922238288182630419521127770642474448937,0.37,0.0,bid,1750206950329
5899348323059455657630528606815138588415095483052205208567031442326527433126,0.6,0.0,bid,1750206950523
76440473074388722537799893602404687230922238288182630419521127770642474448937,0.37,0.0,bid,1750206950523
5899348323059455657630528606815138588415095483052205208567031442326527433126,0.61,0.0,bid,1750206950523
76440473074388722537799893602404687230922238288182630419521127770642474448937,0.37,0.0,bid,1750206950523
5899348323059455657630528606815138588415095483052205208567031442326527433126,0.62,0.0,bid,1750206950523
76440473074388722537799893602404687230922238288182630419521127770642474448937,0.37,0.0,bid,1750206950523
5899348323059455657630528606815138588415095483052205208567031442326527433126,0.6,0.0,bid,1750206950635
76440473074388722537799893602404687230922238288182630419521127770642474448937,0.37,0.0,bid,1750206950635
5899348323059455657630528606815138588415095483052205208567031442326527433126,0.61,0.0,bid,1750206950635
76440473074388722537799893602404687230922238288182630419521127770642474448937,0.37,0.0,bid,1750206950635
5899348323059455657630528606815138588415095483052205208567031442326527433126,0.62,0.0,bid,1750206950635
76440473074388722537799893602404687230922238288182630419521127770642474448937,0.37,0.0,bid,1750206950635
5899348323059455657630528606815138588415095483052205208567031442326527433126,0.6,0.0,bid,1750206960263
76440473074388722537799893602404687230922238288182630419521127770642474448937,0.37,0.0,bid,1750206960263
5899348323059455657630528606815138588415095483052205208567031442326527433126,0.61,0.0,bid,1750206960263
76440473074388722537799893602404687230922238288182630419521127770642474448937,0.37,0.0,bid,1750206960263
5899348323059455657630528606815138588415095483052205208567031442326527433126,0.62,0.0,bid,1750206960263
76440473074388722537799893602404687230922238288182630419521127770642474448937,0.37,0.0,bid,1750206960263
5899348323059455657630528606815138588415095483052205208567031442326527433126,0.6,0.0,bid,1750206965938
76440473074388722537799893602404687230922238288182630419521127770642474448937,0.37,0.0,bid,1750206965938
5899348323059455657630528606815138588415095483052205208567031442326527433126,0.61,0.0,bid,1750206965938
76440473074388722537799893602404687230922238288182630419521127770642474448937,0.37,0.0,bid,1750206965938
5899348323059455657630528606815138588415095483052205208567031442326527433126,0.62,0.0,bid,1750206965938
76440473074388722537799893602404687230922238288182630419521127770642474448937,0.37,0.0,bid,1750206965938
5899348323059455657630528606815138588415095483052205208567031442326527433126,0.6,0.0,bid,1750206966102
76440473074388722537799893602404687230922238288182630419521127770642474448937,0.37,0.0,bid,1750206966102
5899348323059455657630528606815138588415095483052205208567031442326527433126,0.61,0.0,bid,1750206966102
76440473074388722537799893602404687230922238288182630419521127770642474448937,0.37,0.0,bid,1750206966102
5899348323059455657630528606815138588415095483052205208567031442326527433126,0.62,0.0,bid,1750206966102
76440473074388722537799893602404687230922238288182630419521127770642474448937,0.37,0.0,bid,1750206966102
5899348323059455657630528606815138588415095483052205208567031442326527433126,0.6,0.0,bid,1750206966221
76440473074388722537799893602404687230922238288182630419521127770642474448937,0.37,0.0,bid,1750206966221
5899348323059455657630528606815138588415095483052205208567031442326527433126,0.61,0.0,bid,1750206966221
76440473074388722537799893602404687230922238288182630419521127770642474448937,0.37,0.0,bid,1750206966221
5899348323059455657630528606815138588415095483052205208567031442326527433126,0.62,0.0,bid,1750206966221
76440473074388722537799893602404687230922238288182630419521127770642474448937,0.37,0.0,bid,1750206966221
5899348323059455657630528606815138588415095483052205208567031442326527433126,0.6,0.0,bid,1750206966584
76440473074388722537799893602404687230922238288182630419521127770642474448937,0.37,0.0,bid,1750206966584
5899348323059455657630528606815138588415095483052205208567031442326527433126,0.61,0.0,bid,1750206966584
76440473074388722537799893602404687230922238288182630419521127770642474448937,0.37,0.0,bid,1750206966584
5899348323059455657630528606815138588415095483052205208567031442326527433126,0.62,0.0,bid,1750206966584
76440473074388722537799893602404687230922238288182630419521127770642474448937,0.37,0.0,bid,1750206966584
5899348323059455657630528606815138588415095483052205208567031442326527433126,0.6,0.0,bid,1750206966775
76440473074388722537799893602404687230922238288182630419521127770642474448937,0.37,0.0,bid,1750206966775
5899348323059455657630528606815138588415095483052205208567031442326527433126,0.61,0.0,bid,1750206966775
76440473074388722537799893602404687230922238288182630419521127770642474448937,0.37,0.0,bid,1750206966775
5899348323059455657630528606815138588415095483052205208567031442326527433126,0.62,0.0,bid,1750206966775
76440473074388722537799893602404687230922238288182630419521127770642474448937,0.37,0.0,bid,1750206966775
5899348323059455657630528606815138588415095483052205208567031442326527433126,0.6,0.0,bid,1750206966888
76440473074388722537799893602404687230922238288182630419521127770642474448937,0.37,0.0,bid,1750206966888
5899348323059455657630528606815138588415095483052205208567031442326527433126,0.61,0.0,bid,1750206966888
76440473074388722537799893602404687230922238288182630419521127770642474448937,0.37,0.0,bid,1750206966888
5899348323059455657630528606815138588415095483052205208567031442326527433126,0.62,0.0,bid,1750206966888
76440473074388722537799893602404687230922238288182630419521127770642474448937,0.37,0.0,bid,1750206966888
5899348323059455657630528606815138588415095483052205208567031442326527433126,0.6,0.0,bid,1750206967082
76440473074388722537799893602404687230922238288182630419521127770642474448937,0.37,0.0,bid,1750206967082
5899348323059455657630528606815138588415095483052205208567031442326527433126,0.61,0.0,bid,1750206967082
76440473074388722537799893602404687230922238288182630419521127770642474448937,0.37,0.0,bid,1750206967082
5899348323059455657630528606815138588415095483052205208567031442326527433126,0.62,0.0,bid,1750206967082
76440473074388722537799893602404687230922238288182630419521127770642474448937,0.37,0.0,bid,1750206967082
5899348323059455657630528606815138588415095483052205208567031442326527433126,0.6,0.0,bid,1750206969097
76440473074388722537799893602404687230922238288182630419521127770642474448937,0.37,0.0,bid,1750206969097
5899348323059455657630528606815138588415095483052205208567031442326527433126,0.61,0.0,bid,1750206969097
76440473074388722537799893602404687230922238288182630419521127770642474448937,0.37,0.0,bid,1750206969097
5899348323059455657630528606815138588415095483052205208567031442326527433126,0.62,0.0,bid,1750206969097
76440473074388722537799893602404687230922238288182630419521127770642474448937,0.37,0.0,bid,1750206969097
5899348323059455657630528606815138588415095483052205208567031442326527433126,0.6,0.0,bid,1750206969347
76440473074388722537799893602404687230922238288182630419521127770642474448937,0.37,0.0,bid,1750206969347
5899348323059455657630528606815138588415095483052205208567031442326527433126,0.61,0.0,bid,1750206969347
76440473074388722537799893602404687230922238288182630419521127770642474448937,0.37,0.0,bid,1750206969347
5899348323059455657630528606815138588415095483052205208567031442326527433126,0.62,0.0,bid,1750206969347
76440473074388722537799893602404687230922238288182630419521127770642474448937,0.37,0.0,bid,1750206969347
5899348323059455657630528606815138588415095483052205208567031442326527433126,0.6,0.0,bid,1750206969515
76440473074388722537799893602404687230922238288182630419521127770642474448937,0.37,0.0,bid,1750206969515
5899348323059455657630528606815138588415095483052205208567031442326527433126,0.61,0.0,bid,1750206969515
76440473074388722537799893602404687230922238288182630419521127770642474448937,0.37,0.0,bid,1750206969515
5899348323059455657630528606815138588415095483052205208567031442326527433126,0.62,0.0,bid,1750206969515
76440473074388722537799893602404687230922238288182630419521127770642474448937,0.37,0.0,bid,1750206969515
5899348323059455657630528606815138588415095483052205208567031442326527433126,0.6,0.0,bid,1750206970208
76440473074388722537799893602404687230922238288182630419521127770642474448937,0.37,0.0,bid,1750206970208
5899348323059455657630528606815138588415095483052205208567031442326527433126,0.61,0.0,bid,1750206970208
76440473074388722537799893602404687230922238288182630419521127770642474448937,0.37,0.0,bid,1750206970208
5899348323059455657630528606815138588415095483052205208567031442326527433126,0.62,0.0,bid,1750206970208
76440473074388722537799893602404687230922238288182630419521127770642474448937,0.37,0.0,bid,1750206970208
5899348323059455657630528606815138588415095483052205208567031442326527433126,0.6,0.0,bid,1750206970400
76440473074388722537799893602404687230922238288182630419521127770642474448937,0.36,0.0,bid,1750206970400
5899348323059455657630528606815138588415095483052205208567031442326527433126,0.61,0.0,bid,1750206970400
76440473074388722537799893602404687230922238288182630419521127770642474448937,0.36,0.0,bid,1750206970400
5899348323059455657630528606815138588415095483052205208567031442326527433126,0.62,0.0,bid,1750206970400
76440473074388722537799893602404687230922238288182630419521127770642474448937,0.36,0.0,bid,1750206970400
5899348323059455657630528606815138588415095483052205208567031442326527433126,0.63,0.0,bid,1750206970400
76440473074388722537799893602404687230922238288182630419521127770642474448937,0.36,0.0,bid,1750206970400
5899348323059455657630528606815138588415095483052205208567031442326527433126,0.6,0.0,bid,1750206970801
76440473074388722537799893602404687230922238288182630419521127770642474448937,0.36,0.0,bid,1750206970801
5899348323059455657630528606815138588415095483052205208567031442326527433126,0.61,0.0,bid,1750206970801
76440473074388722537799893602404687230922238288182630419521127770642474448937,0.36,0.0,bid,1750206970801
5899348323059455657630528606815138588415095483052205208567031442326527433126,0.62,0.0,bid,1750206970801
76440473074388722537799893602404687230922238288182630419521127770642474448937,0.36,0.0,bid,1750206970801
5899348323059455657630528606815138588415095483052205208567031442326527433126,0.63,0.0,bid,1750206970801
76440473074388722537799893602404687230922238288182630419521127770642474448937,0.36,0.0,bid,1750206970801
5899348323059455657630528606815138588415095483052205208567031442326527433126,0.6,0.0,bid,1750206970895
76440473074388722537799893602404687230922238288182630419521127770642474448937,0.36,0.0,bid,1750206970895
5899348323059455657630528606815138588415095483052205208567031442326527433126,0.61,0.0,bid,1750206970895
76440473074388722537799893602404687230922238288182630419521127770642474448937,0.36,0.0,bid,1750206970895
5899348323059455657630528606815138588415095483052205208567031442326527433126,0.62,0.0,bid,1750206970895
76440473074388722537799893602404687230922238288182630419521127770642474448937,0.36,0.0,bid,1750206970895
5899348323059455657630528606815138588415095483052205208567031442326527433126,0.63,0.0,bid,1750206970895
76440473074388722537799893602404687230922238288182630419521127770642474448937,0.36,0.0,bid,1750206970895
5899348323059455657630528606815138588415095483052205208567031442326527433126,0.6,0.0,bid,1750206971309
76440473074388722537799893602404687230922238288182630419521127770642474448937,0.36,0.0,bid,1750206971309
5899348323059455657630528606815138588415095483052205208567031442326527433126,0.61,0.0,bid,1750206971309
76440473074388722537799893602404687230922238288182630419521127770642474448937,0.36,0.0,bid,1750206971309
5899348323059455657630528606815138588415095483052205208567031442326527433126,0.62,0.0,bid,1750206971309
76440473074388722537799893602404687230922238288182630419521127770642474448937,0.36,0.0,bid,1750206971309
5899348323059455657630528606815138588415095483052205208567031442326527433126,0.63,0.0,bid,1750206971309
76440473074388722537799893602404687230922238288182630419521127770642474448937,0.36,0.0,bid,1750206971309
5899348323059455657630528606815138588415095483052205208567031442326527433126,0.6,0.0,bid,1750206972107
76440473074388722537799893602404687230922238288182630419521127770642474448937,0.36,0.0,bid,1750206972107
5899348323059455657630528606815138588415095483052205208567031442326527433126,0.61,0.0,bid,1750206972107
76440473074388722537799893602404687230922238288182630419521127770642474448937,0.36,0.0,bid,1750206972107
5899348323059455657630528606815138588415095483052205208567031442326527433126,0.62,0.0,bid,1750206972107
76440473074388722537799893602404687230922238288182630419521127770642474448937,0.36,0.0,bid,1750206972107
5899348323059455657630528606815138588415095483052205208567031442326527433126,0.63,0.0,bid,1750206972107
76440473074388722537799893602404687230922238288182630419521127770642474448937,0.36,0.0,bid,1750206972107
5899348323059455657630528606815138588415095483052205208567031442326527433126,0.6,0.0,bid,1750206972312
76440473074388722537799893602404687230922238288182630419521127770642474448937,0.36,0.0,bid,1750206972312
5899348323059455657630528606815138588415095483052205208567031442326527433126,0.61,0.0,bid,1750206972312
76440473074388722537799893602404687230922238288182630419521127770642474448937,0.36,0.0,bid,1750206972312
5899348323059455657630528606815138588415095483052205208567031442326527433126,0.62,0.0,bid,1750206972312
76440473074388722537799893602404687230922238288182630419521127770642474448937,0.36,0.0,bid,1750206972312
5899348323059455657630528606815138588415095483052205208567031442326527433126,0.63,0.0,bid,1750206972312
76440473074388722537799893602404687230922238288182630419521127770642474448937,0.36,0.0,bid,1750206972312
5899348323059455657630528606815138588415095483052205208567031442326527433126,0.6,0.0,bid,1750206972435
76440473074388722537799893602404687230922238288182630419521127770642474448937,0.36,0.0,bid,1750206972435
5899348323059455657630528606815138588415095483052205208567031442326527433126,0.61,0.0,bid,1750206972435
76440473074388722537799893602404687230922238288182630419521127770642474448937,0.36,0.0,bid,1750206972435
5899348323059455657630528606815138588415095483052205208567031442326527433126,0.62,0.0,bid,1750206972435
76440473074388722537799893602404687230922238288182630419521127770642474448937,0.36,0.0,bid,1750206972435
5899348323059455657630528606815138588415095483052205208567031442326527433126,0.63,0.0,bid,1750206972435
76440473074388722537799893602404687230922238288182630419521127770642474448937,0.36,0.0,bid,1750206972435
5899348323059455657630528606815138588415095483052205208567031442326527433126,0.6,0.0,bid,1750206972608
76440473074388722537799893602404687230922238288182630419521127770642474448937,0.36,0.0,bid,1750206972608
5899348323059455657630528606815138588415095483052205208567031442326527433126,0.61,0.0,bid,1750206972608
76440473074388722537799893602404687230922238288182630419521127770642474448937,0.36,0.0,bid,1750206972608
5899348323059455657630528606815138588415095483052205208567031442326527433126,0.62,0.0,bid,1750206972608
76440473074388722537799893602404687230922238288182630419521127770642474448937,0.36,0.0,bid,1750206972608
5899348323059455657630528606815138588415095483052205208567031442326527433126,0.63,0.0,bid,1750206972608
76440473074388722537799893602404687230922238288182630419521127770642474448937,0.36,0.0,bid,1750206972608
5899348323059455657630528606815138588415095483052205208567031442326527433126,0.6,0.0,bid,1750206975436
76440473074388722537799893602404687230922238288182630419521127770642474448937,0.36,0.0,bid,1750206975436
5899348323059455657630528606815138588415095483052205208567031442326527433126,0.61,0.0,bid,1750206975436
76440473074388722537799893602404687230922238288182630419521127770642474448937,0.36,0.0,bid,1750206975436
5899348323059455657630528606815138588415095483052205208567031442326527433126,0.62,0.0,bid,1750206975436
76440473074388722537799893602404687230922238288182630419521127770642474448937,0.36,0.0,bid,1750206975436
5899348323059455657630528606815138588415095483052205208567031442326527433126,0.63,0.0,bid,1750206975436
76440473074388722537799893602404687230922238288182630419521127770642474448937,0.36,0.0,bid,1750206975436
5899348323059455657630528606815138588415095483052205208567031442326527433126,0.6,0.0,bid,1750206980230
76440473074388722537799893602404687230922238288182630419521127770642474448937,0.36,0.0,bid,1750206980230
5899348323059455657630528606815138588415095483052205208567031442326527433126,0.61,0.0,bid,1750206980230
76440473074388722537799893602404687230922238288182630419521127770642474448937,0.36,0.0,bid,1750206980230
5899348323059455657630528606815138588415095483052205208567031442326527433126,0.62,0.0,bid,1750206980230
76440473074388722537799893602404687230922238288182630419521127770642474448937,0.36,0.0,bid,1750206980230
5899348323059455657630528606815138588415095483052205208567031442326527433126,0.63,0.0,bid,1750206980230
76440473074388722537799893602404687230922238288182630419521127770642474448937,0.36,0.0,bid,1750206980230
5899348323059455657630528606815138588415095483052205208567031442326527433126,0.6,0.0,bid,1750206980480
76440473074388722537799893602404687230922238288182630419521127770642474448937,0.36,0.0,bid,1750206980480
5899348323059455657630528606815138588415095483052205208567031442326527433126,0.61,0.0,bid,1750206980480
76440473074388722537799893602404687230922238288182630419521127770642474448937,0.36,0.0,bid,1750206980480
5899348323059455657630528606815138588415095483052205208567031442326527433126,0.62,0.0,bid,1750206980480
76440473074388722537799893602404687230922238288182630419521127770642474448937,0.36,0.0,bid,1750206980480
5899348323059455657630528606815138588415095483052205208567031442326527433126,0.63,0.0,bid,1750206980480
76440473074388722537799893602404687230922238288182630419521127770642474448937,0.36,0.0,bid,1750206980480
5899348323059455657630528606815138588415095483052205208567031442326527433126,0.6,0.0,bid,1750206980565
76440473074388722537799893602404687230922238288182630419521127770642474448937,0.36,0.0,bid,1750206980565
5899348323059455657630528606815138588415095483052205208567031442326527433126,0.61,0.0,bid,1750206980565
76440473074388722537799893602404687230922238288182630419521127770642474448937,0.36,0.0,bid,1750206980565
5899348323059455657630528606815138588415095483052205208567031442326527433126,0.62,0.0,bid,1750206980565
76440473074388722537799893602404687230922238288182630419521127770642474448937,0.36,0.0,bid,1750206980565
5899348323059455657630528606815138588415095483052205208567031442326527433126,0.63,0.0,bid,1750206980565
76440473074388722537799893602404687230922238288182630419521127770642474448937,0.36,0.0,bid,1750206980565
5899348323059455657630528606815138588415095483052205208567031442326527433126,0.6,0.0,bid,1750206980680
76440473074388722537799893602404687230922238288182630419521127770642474448937,0.36,0.0,bid,1750206980680
5899348323059455657630528606815138588415095483052205208567031442326527433126,0.61,0.0,bid,1750206980680
76440473074388722537799893602404687230922238288182630419521127770642474448937,0.36,0.0,bid,1750206980680
5899348323059455657630528606815138588415095483052205208567031442326527433126,0.62,0.0,bid,1750206980680
76440473074388722537799893602404687230922238288182630419521127770642474448937,0.36,0.0,bid,1750206980680
5899348323059455657630528606815138588415095483052205208567031442326527433126,0.63,0.0,bid,1750206980680
76440473074388722537799893602404687230922238288182630419521127770642474448937,0.36,0.0,bid,1750206980680
5899348323059455657630528606815138588415095483052205208567031442326527433126,0.6,0.0,bid,1750206980748
76440473074388722537799893602404687230922238288182630419521127770642474448937,0.36,0.0,bid,1750206980748
5899348323059455657630528606815138588415095483052205208567031442326527433126,0.61,0.0,bid,1750206980748
76440473074388722537799893602404687230922238288182630419521127770642474448937,0.36,0.0,bid,1750206980748
5899348323059455657630528606815138588415095483052205208567031442326527433126,0.62,0.0,bid,1750206980748
76440473074388722537799893602404687230922238288182630419521127770642474448937,0.36,0.0,bid,1750206980748
5899348323059455657630528606815138588415095483052205208567031442326527433126,0.63,0.0,bid,1750206980748
76440473074388722537799893602404687230922238288182630419521127770642474448937,0.36,0.0,bid,1750206980748
5899348323059455657630528606815138588415095483052205208567031442326527433126,0.6,0.0,bid,1750206980953
76440473074388722537799893602404687230922238288182630419521127770642474448937,0.36,0.0,bid,1750206980953
5899348323059455657630528606815138588415095483052205208567031442326527433126,0.61,0.0,bid,1750206980953
76440473074388722537799893602404687230922238288182630419521127770642474448937,0.36,0.0,bid,1750206980953
5899348323059455657630528606815138588415095483052205208567031442326527433126,0.62,0.0,bid,1750206980953
76440473074388722537799893602404687230922238288182630419521127770642474448937,0.36,0.0,bid,1750206980953
5899348323059455657630528606815138588415095483052205208567031442326527433126,0.63,0.0,bid,1750206980953
76440473074388722537799893602404687230922238288182630419521127770642474448937,0.36,0.0,bid,1750206980953
5899348323059455657630528606815138588415095483052205208567031442326527433126,0.6,0.0,bid,1750206981034
76440473074388722537799893602404687230922238288182630419521127770642474448937,0.36,0.0,bid,1750206981034
5899348323059455657630528606815138588415095483052205208567031442326527433126,0.61,0.0,bid,1750206981034
76440473074388722537799893602404687230922238288182630419521127770642474448937,0.36,0.0,bid,1750206981034
5899348323059455657630528606815138588415095483052205208567031442326527433126,0.62,0.0,bid,1750206981034
76440473074388722537799893602404687230922238288182630419521127770642474448937,0.36,0.0,bid,1750206981034
5899348323059455657630528606815138588415095483052205208567031442326527433126,0.63,0.0,bid,1750206981034
76440473074388722537799893602404687230922238288182630419521127770642474448937,0.36,0.0,bid,1750206981034
5899348323059455657630528606815138588415095483052205208567031442326527433126,0.6,0.0,bid,1750206981400
76440473074388722537799893602404687230922238288182630419521127770642474448937,0.36,0.0,bid,1750206981400
5899348323059455657630528606815138588415095483052205208567031442326527433126,0.61,0.0,bid,1750206981400
76440473074388722537799893602404687230922238288182630419521127770642474448937,0.36,0.0,bid,1750206981400
5899348323059455657630528606815138588415095483052205208567031442326527433126,0.62,0.0,bid,1750206981400
76440473074388722537799893602404687230922238288182630419521127770642474448937,0.36,0.0,bid,1750206981400
5899348323059455657630528606815138588415095483052205208567031442326527433126,0.63,0.0,bid,1750206981400
76440473074388722537799893602404687230922238288182630419521127770642474448937,0.36,0.0,bid,1750206981400
5899348323059455657630528606815138588415095483052205208567031442326527433126,0.6,0.0,bid,1750206981451
76440473074388722537799893602404687230922238288182630419521127770642474448937,0.36,0.0,bid,1750206981451
5899348323059455657630528606815138588415095483052205208567031442326527433126,0.61,0.0,bid,1750206981451
76440473074388722537799893602404687230922238288182630419521127770642474448937,0.36,0.0,bid,1750206981451
5899348323059455657630528606815138588415095483052205208567031442326527433126,0.62,0.0,bid,1750206981451
76440473074388722537799893602404687230922238288182630419521127770642474448937,0.36,0.0,bid,1750206981451
5899348323059455657630528606815138588415095483052205208567031442326527433126,0.63,0.0,bid,1750206981451
76440473074388722537799893602404687230922238288182630419521127770642474448937,0.36,0.0,bid,1750206981451
5899348323059455657630528606815138588415095483052205208567031442326527433126,0.6,0.0,bid,1750206983856
76440473074388722537799893602404687230922238288182630419521127770642474448937,0.36,0.0,bid,1750206983856
5899348323059455657630528606815138588415095483052205208567031442326527433126,0.61,0.0,bid,1750206983856
76440473074388722537799893602404687230922238288182630419521127770642474448937,0.36,0.0,bid,1750206983856
5899348323059455657630528606815138588415095483052205208567031442326527433126,0.62,0.0,bid,1750206983856
76440473074388722537799893602404687230922238288182630419521127770642474448937,0.36,0.0,bid,1750206983856
5899348323059455657630528606815138588415095483052205208567031442326527433126,0.63,0.0,bid,1750206983856
76440473074388722537799893602404687230922238288182630419521127770642474448937,0.36,0.0,bid,1750206983856
5899348323059455657630528606815138588415095483052205208567031442326527433126,0.6,0.0,bid,1750206984161
76440473074388722537799893602404687230922238288182630419521127770642474448937,0.36,0.0,bid,1750206984161
5899348323059455657630528606815138588415095483052205208567031442326527433126,0.61,0.0,bid,1750206984161
76440473074388722537799893602404687230922238288182630419521127770642474448937,0.36,0.0,bid,1750206984161
5899348323059455657630528606815138588415095483052205208567031442326527433126,0.62,0.0,bid,1750206984161
76440473074388722537799893602404687230922238288182630419521127770642474448937,0.36,0.0,bid,1750206984161
5899348323059455657630528606815138588415095483052205208567031442326527433126,0.63,0.0,bid,1750206984161
76440473074388722537799893602404687230922238288182630419521127770642474448937,0.36,0.0,bid,1750206984161
5899348323059455657630528606815138588415095483052205208567031442326527433126,0.6,0.0,bid,1750206984675
76440473074388722537799893602404687230922238288182630419521127770642474448937,0.36,0.0,bid,1750206984675
5899348323059455657630528606815138588415095483052205208567031442326527433126,0.61,0.0,bid,1750206984675
76440473074388722537799893602404687230922238288182630419521127770642474448937,0.36,0.0,bid,1750206984675
5899348323059455657630528606815138588415095483052205208567031442326527433126,0.62,0.0,bid,1750206984675
76440473074388722537799893602404687230922238288182630419521127770642474448937,0.36,0.0,bid,1750206984675
5899348323059455657630528606815138588415095483052205208567031442326527433126,0.63,0.0,bid,1750206984675
76440473074388722537799893602404687230922238288182630419521127770642474448937,0.36,0.0,bid,1750206984675
5899348323059455657630528606815138588415095483052205208567031442326527433126,0.6,0.0,bid,1750206985095
76440473074388722537799893602404687230922238288182630419521127770642474448937,0.36,0.0,bid,1750206985095
5899348323059455657630528606815138588415095483052205208567031442326527433126,0.61,0.0,bid,1750206985095
76440473074388722537799893602404687230922238288182630419521127770642474448937,0.36,0.0,bid,1750206985095
5899348323059455657630528606815138588415095483052205208567031442326527433126,0.62,0.0,bid,1750206985095
76440473074388722537799893602404687230922238288182630419521127770642474448937,0.36,0.0,bid,1750206985095
5899348323059455657630528606815138588415095483052205208567031442326527433126,0.63,0.0,bid,1750206985095
76440473074388722537799893602404687230922238288182630419521127770642474448937,0.36,0.0,bid,1750206985095
5899348323059455657630528606815138588415095483052205208567031442326527433126,0.6,0.0,bid,1750206985368
76440473074388722537799893602404687230922238288182630419521127770642474448937,0.36,0.0,bid,1750206985368
5899348323059455657630528606815138588415095483052205208567031442326527433126,0.61,0.0,bid,1750206985368
76440473074388722537799893602404687230922238288182630419521127770642474448937,0.36,0.0,bid,1750206985368
5899348323059455657630528606815138588415095483052205208567031442326527433126,0.62,0.0,bid,1750206985368
76440473074388722537799893602404687230922238288182630419521127770642474448937,0.36,0.0,bid,1750206985368
5899348323059455657630528606815138588415095483052205208567031442326527433126,0.63,0.0,bid,1750206985368
76440473074388722537799893602404687230922238288182630419521127770642474448937,0.36,0.0,bid,1750206985368
5899348323059455657630528606815138588415095483052205208567031442326527433126,0.6,0.0,bid,1750206986681
76440473074388722537799893602404687230922238288182630419521127770642474448937,0.36,0.0,bid,1750206986681
5899348323059455657630528606815138588415095483052205208567031442326527433126,0.61,0.0,bid,1750206986681
76440473074388722537799893602404687230922238288182630419521127770642474448937,0.36,0.0,bid,1750206986681
5899348323059455657630528606815138588415095483052205208567031442326527433126,0.62,0.0,bid,1750206986681
76440473074388722537799893602404687230922238288182630419521127770642474448937,0.36,0.0,bid,1750206986681
5899348323059455657630528606815138588415095483052205208567031442326527433126,0.63,0.0,bid,1750206986681
76440473074388722537799893602404687230922238288182630419521127770642474448937,0.36,0.0,bid,1750206986681
5899348323059455657630528606815138588415095483052205208567031442326527433126,0.6,0.0,bid,1750206986782
76440473074388722537799893602404687230922238288182630419521127770642474448937,0.36,0.0,bid,1750206986782
5899348323059455657630528606815138588415095483052205208567031442326527433126,0.61,0.0,bid,1750206986782
76440473074388722537799893602404687230922238288182630419521127770642474448937,0.36,0.0,bid,1750206986782
5899348323059455657630528606815138588415095483052205208567031442326527433126,0.62,0.0,bid,1750206986782
76440473074388722537799893602404687230922238288182630419521127770642474448937,0.36,0.0,bid,1750206986782
5899348323059455657630528606815138588415095483052205208567031442326527433126,0.63,0.0,bid,1750206986782
76440473074388722537799893602404687230922238288182630419521127770642474448937,0.36,0.0,bid,1750206986782
5899348323059455657630528606815138588415095483052205208567031442326527433126,0.6,0.0,bid,1750206986865
76440473074388722537799893602404687230922238288182630419521127770642474448937,0.36,0.0,bid,1750206986865
5899348323059455657630528606815138588415095483052205208567031442326527433126,0.61,0.0,bid,1750206986865
76440473074388722537799893602404687230922238288182630419521127770642474448937,0.36,0.0,bid,1750206986865
5899348323059455657630528606815138588415095483052205208567031442326527433126,0.62,0.0,bid,1750206986865
76440473074388722537799893602404687230922238288182630419521127770642474448937,0.36,0.0,bid,1750206986865
5899348323059455657630528606815138588415095483052205208567031442326527433126,0.63,0.0,bid,1750206986865
76440473074388722537799893602404687230922238288182630419521127770642474448937,0.36,0.0,bid,1750206986865
5899348323059455657630528606815138588415095483052205208567031442326527433126,0.6,0.0,bid,1750206986958
76440473074388722537799893602404687230922238288182630419521127770642474448937,0.36,0.0,bid,1750206986958
5899348323059455657630528606815138588415095483052205208567031442326527433126,0.61,0.0,bid,1750206986958
76440473074388722537799893602404687230922238288182630419521127770642474448937,0.36,0.0,bid,1750206986958
5899348323059455657630528606815138588415095483052205208567031442326527433126,0.62,0.0,bid,1750206986958
76440473074388722537799893602404687230922238288182630419521127770642474448937,0.36,0.0,bid,1750206986958
5899348323059455657630528606815138588415095483052205208567031442326527433126,0.63,0.0,bid,1750206986958
76440473074388722537799893602404687230922238288182630419521127770642474448937,0.36,0.0,bid,1750206986958
5899348323059455657630528606815138588415095483052205208567031442326527433126,0.6,0.0,bid,1750206987061
76440473074388722537799893602404687230922238288182630419521127770642474448937,0.36,0.0,bid,1750206987061
5899348323059455657630528606815138588415095483052205208567031442326527433126,0.61,0.0,bid,1750206987061
76440473074388722537799893602404687230922238288182630419521127770642474448937,0.36,0.0,bid,1750206987061
5899348323059455657630528606815138588415095483052205208567031442326527433126,0.62,0.0,bid,1750206987061
76440473074388722537799893602404687230922238288182630419521127770642474448937,0.36,0.0,bid,1750206987061
5899348323059455657630528606815138588415095483052205208567031442326527433126,0.63,0.0,bid,1750206987061
76440473074388722537799893602404687230922238288182630419521127770642474448937,0.36,0.0,bid,1750206987061
5899348323059455657630528606815138588415095483052205208567031442326527433126,0.6,0.0,bid,1750206987276
76440473074388722537799893602404687230922238288182630419521127770642474448937,0.36,0.0,bid,1750206987276
5899348323059455657630528606815138588415095483052205208567031442326527433126,0.61,0.0,bid,1750206987276
76440473074388722537799893602404687230922238288182630419521127770642474448937,0.36,0.0,bid,1750206987276
5899348323059455657630528606815138588415095483052205208567031442326527433126,0.62,0.0,bid,1750206987276
76440473074388722537799893602404687230922238288182630419521127770642474448937,0.36,0.0,bid,1750206987276
5899348323059455657630528606815138588415095483052205208567031442326527433126,0.63,0.0,bid,1750206987276
