asset_id,event_type,hash,market,price,side,size,timestamp
76440473074388722537799893602404687230922238288182630419521127770642474448937,book,7a71aee1b7d5fadcd786183ae9b1a789f3c8c441,0xf1ba2c9ca3a82e4edbc945b7a0b28e43454f01a4804b615307465870466a618f,0.99,ask,2009.5,1750209622594
76440473074388722537799893602404687230922238288182630419521127770642474448937,book,7a71aee1b7d5fadcd786183ae9b1a789f3c8c441,0xf1ba2c9ca3a82e4edbc945b7a0b28e43454f01a4804b615307465870466a618f,0.98,ask,1500,1750209622594
76440473074388722537799893602404687230922238288182630419521127770642474448937,book,7a71aee1b7d5fadcd786183ae9b1a789f3c8c441,0xf1ba2c9ca3a82e4edbc945b7a0b28e43454f01a4804b615307465870466a618f,0.97,ask,350,1750209622594
76440473074388722537799893602404687230922238288182630419521127770642474448937,book,7a71aee1b7d5fadcd786183ae9b1a789f3c8c441,0xf1ba2c9ca3a82e4edbc945b7a0b28e43454f01a4804b615307465870466a618f,0.96,ask,250,1750209622594
76440473074388722537799893602404687230922238288182630419521127770642474448937,book,7a71aee1b7d5fadcd786183ae9b1a789f3c8c441,0xf1ba2c9ca3a82e4edbc945b7a0b28e43454f01a4804b615307465870466a618f,0.95,ask,100,1750209622594
76440473074388722537799893602404687230922238288182630419521127770642474448937,book,7a71aee1b7d5fadcd786183ae9b1a789f3c8c441,0xf1ba2c9ca3a82e4edbc945b7a0b28e43454f01a4804b615307465870466a618f,0.53,ask,13755,1750209622594
76440473074388722537799893602404687230922238288182630419521127770642474448937,book,7a71aee1b7d5fadcd786183ae9b1a789f3c8c441,0xf1ba2c9ca3a82e4edbc945b7a0b28e43454f01a4804b615307465870466a618f,0.5,ask,150,1750209622594
76440473074388722537799893602404687230922238288182630419521127770642474448937,book,7a71aee1b7d5fadcd786183ae9b1a789f3c8c441,0xf1ba2c9ca3a82e4edbc945b7a0b28e43454f01a4804b615307465870466a618f,0.49,ask,419,1750209622594
76440473074388722537799893602404687230922238288182630419521127770642474448937,book,7a71aee1b7d5fadcd786183ae9b1a789f3c8c441,0xf1ba2c9ca3a82e4edbc945b7a0b28e43454f01a4804b615307465870466a618f,0.46,ask,27542.91,1750209622594
76440473074388722537799893602404687230922238288182630419521127770642474448937,book,7a71aee1b7d5fadcd786183ae9b1a789f3c8c441,0xf1ba2c9ca3a82e4edbc945b7a0b28e43454f01a4804b615307465870466a618f,0.45,ask,11941.5,1750209622594
76440473074388722537799893602404687230922238288182630419521127770642474448937,book,7a71aee1b7d5fadcd786183ae9b1a789f3c8c441,0xf1ba2c9ca3a82e4edbc945b7a0b28e43454f01a4804b615307465870466a618f,0.44,ask,1100,1750209622594
76440473074388722537799893602404687230922238288182630419521127770642474448937,book,7a71aee1b7d5fadcd786183ae9b1a789f3c8c441,0xf1ba2c9ca3a82e4edbc945b7a0b28e43454f01a4804b615307465870466a618f,0.43,ask,750,1750209622594
76440473074388722537799893602404687230922238288182630419521127770642474448937,book,7a71aee1b7d5fadcd786183ae9b1a789f3c8c441,0xf1ba2c9ca3a82e4edbc945b7a0b28e43454f01a4804b615307465870466a618f,0.42,ask,9.14,1750209622594
76440473074388722537799893602404687230922238288182630419521127770642474448937,book,7a71aee1b7d5fadcd786183ae9b1a789f3c8c441,0xf1ba2c9ca3a82e4edbc945b7a0b28e43454f01a4804b615307465870466a618f,0.01,bid,2000,1750209622594
76440473074388722537799893602404687230922238288182630419521127770642474448937,book,7a71aee1b7d5fadcd786183ae9b1a789f3c8c441,0xf1ba2c9ca3a82e4edbc945b7a0b28e43454f01a4804b615307465870466a618f,0.02,bid,1520,1750209622594
76440473074388722537799893602404687230922238288182630419521127770642474448937,book,7a71aee1b7d5fadcd786183ae9b1a789f3c8c441,0xf1ba2c9ca3a82e4edbc945b7a0b28e43454f01a4804b615307465870466a618f,0.03,bid,350,1750209622594
76440473074388722537799893602404687230922238288182630419521127770642474448937,book,7a71aee1b7d5fadcd786183ae9b1a789f3c8c441,0xf1ba2c9ca3a82e4edbc945b7a0b28e43454f01a4804b615307465870466a618f,0.04,bid,250,1750209622594
76440473074388722537799893602404687230922238288182630419521127770642474448937,book,7a71aee1b7d5fadcd786183ae9b1a789f3c8c441,0xf1ba2c9ca3a82e4edbc945b7a0b28e43454f01a4804b615307465870466a618f,0.05,bid,109.5,1750209622594
76440473074388722537799893602404687230922238288182630419521127770642474448937,book,7a71aee1b7d5fadcd786183ae9b1a789f3c8c441,0xf1ba2c9ca3a82e4edbc945b7a0b28e43454f01a4804b615307465870466a618f,0.25,bid,18179,1750209622594
76440473074388722537799893602404687230922238288182630419521127770642474448937,book,7a71aee1b7d5fadcd786183ae9b1a789f3c8c441,0xf1ba2c9ca3a82e4edbc945b7a0b28e43454f01a4804b615307465870466a618f,0.32,bid,26154,1750209622594
76440473074388722537799893602404687230922238288182630419521127770642474448937,book,7a71aee1b7d5fadcd786183ae9b1a789f3c8c441,0xf1ba2c9ca3a82e4edbc945b7a0b28e43454f01a4804b615307465870466a618f,0.33,bid,369,1750209622594
76440473074388722537799893602404687230922238288182630419521127770642474448937,book,7a71aee1b7d5fadcd786183ae9b1a789f3c8c441,0xf1ba2c9ca3a82e4edbc945b7a0b28e43454f01a4804b615307465870466a618f,0.34,bid,13167.5,1750209622594
76440473074388722537799893602404687230922238288182630419521127770642474448937,book,7a71aee1b7d5fadcd786183ae9b1a789f3c8c441,0xf1ba2c9ca3a82e4edbc945b7a0b28e43454f01a4804b615307465870466a618f,0.35,bid,1741.09,1750209622594
76440473074388722537799893602404687230922238288182630419521127770642474448937,book,7a71aee1b7d5fadcd786183ae9b1a789f3c8c441,0xf1ba2c9ca3a82e4edbc945b7a0b28e43454f01a4804b615307465870466a618f,0.37,bid,4009.5,1750209622594
76440473074388722537799893602404687230922238288182630419521127770642474448937,book,7a71aee1b7d5fadcd786183ae9b1a789f3c8c441,0xf1ba2c9ca3a82e4edbc945b7a0b28e43454f01a4804b615307465870466a618f,0.38,bid,172,1750209622594
5899348323059455657630528606815138588415095483052205208567031442326527433126,book,c3bd29b6db1739ba82fa864d8b1b1631e2f515d5,0xf1ba2c9ca3a82e4edbc945b7a0b28e43454f01a4804b615307465870466a618f,0.99,ask,2000,1750209622594
5899348323059455657630528606815138588415095483052205208567031442326527433126,book,c3bd29b6db1739ba82fa864d8b1b1631e2f515d5,0xf1ba2c9ca3a82e4edbc945b7a0b28e43454f01a4804b615307465870466a618f,0.98,ask,1520,1750209622594
5899348323059455657630528606815138588415095483052205208567031442326527433126,book,c3bd29b6db1739ba82fa864d8b1b1631e2f515d5,0xf1ba2c9ca3a82e4edbc945b7a0b28e43454f01a4804b615307465870466a618f,0.97,ask,350,1750209622594
5899348323059455657630528606815138588415095483052205208567031442326527433126,book,c3bd29b6db1739ba82fa864d8b1b1631e2f515d5,0xf1ba2c9ca3a82e4edbc945b7a0b28e43454f01a4804b615307465870466a618f,0.96,ask,250,1750209622594
5899348323059455657630528606815138588415095483052205208567031442326527433126,book,c3bd29b6db1739ba82fa864d8b1b1631e2f515d5,0xf1ba2c9ca3a82e4edbc945b7a0b28e43454f01a4804b615307465870466a618f,0.95,ask,109.5,1750209622594
5899348323059455657630528606815138588415095483052205208567031442326527433126,book,c3bd29b6db1739ba82fa864d8b1b1631e2f515d5,0xf1ba2c9ca3a82e4edbc945b7a0b28e43454f01a4804b615307465870466a618f,0.75,ask,18179,1750209622594
5899348323059455657630528606815138588415095483052205208567031442326527433126,book,c3bd29b6db1739ba82fa864d8b1b1631e2f515d5,0xf1ba2c9ca3a82e4edbc945b7a0b28e43454f01a4804b615307465870466a618f,0.68,ask,26154,1750209622594
5899348323059455657630528606815138588415095483052205208567031442326527433126,book,c3bd29b6db1739ba82fa864d8b1b1631e2f515d5,0xf1ba2c9ca3a82e4edbc945b7a0b28e43454f01a4804b615307465870466a618f,0.67,ask,369,1750209622594
5899348323059455657630528606815138588415095483052205208567031442326527433126,book,c3bd29b6db1739ba82fa864d8b1b1631e2f515d5,0xf1ba2c9ca3a82e4edbc945b7a0b28e43454f01a4804b615307465870466a618f,0.66,ask,13167.5,1750209622594
5899348323059455657630528606815138588415095483052205208567031442326527433126,book,c3bd29b6db1739ba82fa864d8b1b1631e2f515d5,0xf1ba2c9ca3a82e4edbc945b7a0b28e43454f01a4804b615307465870466a618f,0.65,ask,1741.09,1750209622594
5899348323059455657630528606815138588415095483052205208567031442326527433126,book,c3bd29b6db1739ba82fa864d8b1b1631e2f515d5,0xf1ba2c9ca3a82e4edbc945b7a0b28e43454f01a4804b615307465870466a618f,0.63,ask,4009.5,1750209622594
5899348323059455657630528606815138588415095483052205208567031442326527433126,book,c3bd29b6db1739ba82fa864d8b1b1631e2f515d5,0xf1ba2c9ca3a82e4edbc945b7a0b28e43454f01a4804b615307465870466a618f,0.62,ask,172,1750209622594
5899348323059455657630528606815138588415095483052205208567031442326527433126,book,c3bd29b6db1739ba82fa864d8b1b1631e2f515d5,0xf1ba2c9ca3a82e4edbc945b7a0b28e43454f01a4804b615307465870466a618f,0.01,bid,2009.5,1750209622594
5899348323059455657630528606815138588415095483052205208567031442326527433126,book,c3bd29b6db1739ba82fa864d8b1b1631e2f515d5,0xf1ba2c9ca3a82e4edbc945b7a0b28e43454f01a4804b615307465870466a618f,0.02,bid,1500,1750209622594
5899348323059455657630528606815138588415095483052205208567031442326527433126,book,c3bd29b6db1739ba82fa864d8b1b1631e2f515d5,0xf1ba2c9ca3a82e4edbc945b7a0b28e43454f01a4804b615307465870466a618f,0.03,bid,350,1750209622594
5899348323059455657630528606815138588415095483052205208567031442326527433126,book,c3bd29b6db1739ba82fa864d8b1b1631e2f515d5,0xf1ba2c9ca3a82e4edbc945b7a0b28e43454f01a4804b615307465870466a618f,0.04,bid,250,1750209622594
5899348323059455657630528606815138588415095483052205208567031442326527433126,book,c3bd29b6db1739ba82fa864d8b1b1631e2f515d5,0xf1ba2c9ca3a82e4edbc945b7a0b28e43454f01a4804b615307465870466a618f,0.05,bid,100,1750209622594
5899348323059455657630528606815138588415095483052205208567031442326527433126,book,c3bd29b6db1739ba82fa864d8b1b1631e2f515d5,0xf1ba2c9ca3a82e4edbc945b7a0b28e43454f01a4804b615307465870466a618f,0.47,bid,13755,1750209622594
5899348323059455657630528606815138588415095483052205208567031442326527433126,book,c3bd29b6db1739ba82fa864d8b1b1631e2f515d5,0xf1ba2c9ca3a82e4edbc945b7a0b28e43454f01a4804b615307465870466a618f,0.5,bid,150,1750209622594
5899348323059455657630528606815138588415095483052205208567031442326527433126,book,c3bd29b6db1739ba82fa864d8b1b1631e2f515d5,0xf1ba2c9ca3a82e4edbc945b7a0b28e43454f01a4804b615307465870466a618f,0.51,bid,419,1750209622594
5899348323059455657630528606815138588415095483052205208567031442326527433126,book,c3bd29b6db1739ba82fa864d8b1b1631e2f515d5,0xf1ba2c9ca3a82e4edbc945b7a0b28e43454f01a4804b615307465870466a618f,0.54,bid,27542.91,1750209622594
5899348323059455657630528606815138588415095483052205208567031442326527433126,book,c3bd29b6db1739ba82fa864d8b1b1631e2f515d5,0xf1ba2c9ca3a82e4edbc945b7a0b28e43454f01a4804b615307465870466a618f,0.55,bid,11941.5,1750209622594
5899348323059455657630528606815138588415095483052205208567031442326527433126,book,c3bd29b6db1739ba82fa864d8b1b1631e2f515d5,0xf1ba2c9ca3a82e4edbc945b7a0b28e43454f01a4804b615307465870466a618f,0.56,bid,1100,1750209622594
5899348323059455657630528606815138588415095483052205208567031442326527433126,book,c3bd29b6db1739ba82fa864d8b1b1631e2f515d5,0xf1ba2c9ca3a82e4edbc945b7a0b28e43454f01a4804b615307465870466a618f,0.57,bid,750,1750209622594
5899348323059455657630528606815138588415095483052205208567031442326527433126,book,c3bd29b6db1739ba82fa864d8b1b1631e2f515d5,0xf1ba2c9ca3a82e4edbc945b7a0b28e43454f01a4804b615307465870466a618f,0.58,bid,9.14,1750209622594
76440473074388722537799893602404687230922238288182630419521127770642474448937,price_change,9131d2842ecc47e697f1d94a7e4287e0b9a65a6a,0xf1ba2c9ca3a82e4edbc945b7a0b28e43454f01a4804b615307465870466a618f,0.37,bid,771.67,1750209632739
76440473074388722537799893602404687230922238288182630419521127770642474448937,price_change,9131d2842ecc47e697f1d94a7e4287e0b9a65a6a,0xf1ba2c9ca3a82e4edbc945b7a0b28e43454f01a4804b615307465870466a618f,0.46,ask,23185.51,1750209632739
5899348323059455657630528606815138588415095483052205208567031442326527433126,price_change,f2794983b813138c63cb5e3fe19528915ad08e4b,0xf1ba2c9ca3a82e4edbc945b7a0b28e43454f01a4804b615307465870466a618f,0.63,ask,771.67,1750209632739
5899348323059455657630528606815138588415095483052205208567031442326527433126,price_change,f2794983b813138c63cb5e3fe19528915ad08e4b,0xf1ba2c9ca3a82e4edbc945b7a0b28e43454f01a4804b615307465870466a618f,0.54,bid,23185.51,1750209632739
5899348323059455657630528606815138588415095483052205208567031442326527433126,price_change,1b7794e42ab6ef7fea8ae263e0bd7f662dbb65ce,0xf1ba2c9ca3a82e4edbc945b7a0b28e43454f01a4804b615307465870466a618f,0.54,bid,22967,1750209632797
5899348323059455657630528606815138588415095483052205208567031442326527433126,price_change,1b7794e42ab6ef7fea8ae263e0bd7f662dbb65ce,0xf1ba2c9ca3a82e4edbc945b7a0b28e43454f01a4804b615307465870466a618f,0.63,ask,609.51,1750209632797
76440473074388722537799893602404687230922238288182630419521127770642474448937,price_change,d23bb550e3836db86b631d66868cf753113d2602,0xf1ba2c9ca3a82e4edbc945b7a0b28e43454f01a4804b615307465870466a618f,0.46,ask,22967,1750209632797
76440473074388722537799893602404687230922238288182630419521127770642474448937,price_change,d23bb550e3836db86b631d66868cf753113d2602,0xf1ba2c9ca3a82e4edbc945b7a0b28e43454f01a4804b615307465870466a618f,0.37,bid,609.51,1750209632797
5899348323059455657630528606815138588415095483052205208567031442326527433126,price_change,26568651adb20f3f0d7d54654765b5b585d3040d,0xf1ba2c9ca3a82e4edbc945b7a0b28e43454f01a4804b615307465870466a618f,0.54,bid,27429.96,1750209633140
76440473074388722537799893602404687230922238288182630419521127770642474448937,price_change,6e8155293e77a8143770c5500a170f62b765d2e3,0xf1ba2c9ca3a82e4edbc945b7a0b28e43454f01a4804b615307465870466a618f,0.46,ask,27429.96,1750209633140
5899348323059455657630528606815138588415095483052205208567031442326527433126,price_change,2a09a6fe1ddf5f6bb2c1277e1ff560f1ec28160d,0xf1ba2c9ca3a82e4edbc945b7a0b28e43454f01a4804b615307465870466a618f,0.61,ask,40.85,1750209633176
5899348323059455657630528606815138588415095483052205208567031442326527433126,price_change,2a09a6fe1ddf5f6bb2c1277e1ff560f1ec28160d,0xf1ba2c9ca3a82e4edbc945b7a0b28e43454f01a4804b615307465870466a618f,0.63,ask,3809.51,1750209633176
76440473074388722537799893602404687230922238288182630419521127770642474448937,price_change,d2fcaca35a1c220e8864c460434e8a33f6366beb,0xf1ba2c9ca3a82e4edbc945b7a0b28e43454f01a4804b615307465870466a618f,0.39,bid,40.85,1750209633176
76440473074388722537799893602404687230922238288182630419521127770642474448937,price_change,d2fcaca35a1c220e8864c460434e8a33f6366beb,0xf1ba2c9ca3a82e4edbc945b7a0b28e43454f01a4804b615307465870466a618f,0.37,bid,3809.51,1750209633176
5899348323059455657630528606815138588415095483052205208567031442326527433126,price_change,093dd586067e1f9adc2781b2baa3a371e62e0240,0xf1ba2c9ca3a82e4edbc945b7a0b28e43454f01a4804b615307465870466a618f,0.54,bid,27654.03,1750209633302
5899348323059455657630528606815138588415095483052205208567031442326527433126,price_change,093dd586067e1f9adc2781b2baa3a371e62e0240,0xf1ba2c9ca3a82e4edbc945b7a0b28e43454f01a4804b615307465870466a618f,0.63,ask,3971.67,1750209633302
76440473074388722537799893602404687230922238288182630419521127770642474448937,price_change,c2cfee81cf521696517c911704dd6b1d7007b806,0xf1ba2c9ca3a82e4edbc945b7a0b28e43454f01a4804b615307465870466a618f,0.46,ask,27654.03,1750209633302
76440473074388722537799893602404687230922238288182630419521127770642474448937,price_change,c2cfee81cf521696517c911704dd6b1d7007b806,0xf1ba2c9ca3a82e4edbc945b7a0b28e43454f01a4804b615307465870466a618f,0.37,bid,3971.67,1750209633302
76440473074388722537799893602404687230922238288182630419521127770642474448937,price_change,f93ec391eb7c8646a39382f91eea43cdd62fff4b,0xf1ba2c9ca3a82e4edbc945b7a0b28e43454f01a4804b615307465870466a618f,0.36,bid,50,1750209635364
5899348323059455657630528606815138588415095483052205208567031442326527433126,price_change,85c038b5310e02f3f922c879b7faab59ea74f1f8,0xf1ba2c9ca3a82e4edbc945b7a0b28e43454f01a4804b615307465870466a618f,0.64,ask,50,1750209635364
5899348323059455657630528606815138588415095483052205208567031442326527433126,price_change,578a47d373ce521ed2c458333b7b4c2252c8155d,0xf1ba2c9ca3a82e4edbc945b7a0b28e43454f01a4804b615307465870466a618f,0.66,ask,13317.5,1750209636952
76440473074388722537799893602404687230922238288182630419521127770642474448937,price_change,f2fbcf36a71c74b38f3556025c40a6cb793ad28b,0xf1ba2c9ca3a82e4edbc945b7a0b28e43454f01a4804b615307465870466a618f,0.34,bid,13317.5,1750209636952
76440473074388722537799893602404687230922238288182630419521127770642474448937,price_change,c2aa021d7f5bc961e063d837e214ba3e0a2c5016,0xf1ba2c9ca3a82e4edbc945b7a0b28e43454f01a4804b615307465870466a618f,0.45,ask,11759.5,1750209641104
5899348323059455657630528606815138588415095483052205208567031442326527433126,price_change,33e17586c94c2713b0999a454d6627983b6e3633,0xf1ba2c9ca3a82e4edbc945b7a0b28e43454f01a4804b615307465870466a618f,0.55,bid,11759.5,1750209641104
5899348323059455657630528606815138588415095483052205208567031442326527433126,price_change,f6ecc603df74308f24ae9fe78c2342f215deb8e8,0xf1ba2c9ca3a82e4edbc945b7a0b28e43454f01a4804b615307465870466a618f,0.57,bid,925,1750209641311
76440473074388722537799893602404687230922238288182630419521127770642474448937,price_change,6c8f1279a08f4c948ccd65345df815ad21f4b1ad,0xf1ba2c9ca3a82e4edbc945b7a0b28e43454f01a4804b615307465870466a618f,0.43,ask,925,1750209641311
76440473074388722537799893602404687230922238288182630419521127770642474448937,price_change,19b7fa8d3245b5d13e355abd26976046decfc4d9,0xf1ba2c9ca3a82e4edbc945b7a0b28e43454f01a4804b615307465870466a618f,0.37,bid,609.51,1750209662762
76440473074388722537799893602404687230922238288182630419521127770642474448937,price_change,19b7fa8d3245b5d13e355abd26976046decfc4d9,0xf1ba2c9ca3a82e4edbc945b7a0b28e43454f01a4804b615307465870466a618f,0.46,ask,22967,1750209662762
5899348323059455657630528606815138588415095483052205208567031442326527433126,price_change,9b21d6e97cd0ea3ac03dda197383102869226272,0xf1ba2c9ca3a82e4edbc945b7a0b28e43454f01a4804b615307465870466a618f,0.63,ask,609.51,1750209662762
5899348323059455657630528606815138588415095483052205208567031442326527433126,price_change,9b21d6e97cd0ea3ac03dda197383102869226272,0xf1ba2c9ca3a82e4edbc945b7a0b28e43454f01a4804b615307465870466a618f,0.54,bid,22967,1750209662762
76440473074388722537799893602404687230922238288182630419521127770642474448937,price_change,6af3179248426242e053cff1f2c0f419c6b4661f,0xf1ba2c9ca3a82e4edbc945b7a0b28e43454f01a4804b615307465870466a618f,0.37,bid,3809.51,1750209662983
5899348323059455657630528606815138588415095483052205208567031442326527433126,price_change,0af83236047d32a5f60f9c207510e4ce3c4564d4,0xf1ba2c9ca3a82e4edbc945b7a0b28e43454f01a4804b615307465870466a618f,0.63,ask,3809.51,1750209662983
76440473074388722537799893602404687230922238288182630419521127770642474448937,price_change,2ddfa34aed508002ce1ed4a6d95c6e24915f6567,0xf1ba2c9ca3a82e4edbc945b7a0b28e43454f01a4804b615307465870466a618f,0.46,ask,27429.96,1750209662991
5899348323059455657630528606815138588415095483052205208567031442326527433126,price_change,97ba92dbf1663d4e65fe56191f6bff2c8c9ba084,0xf1ba2c9ca3a82e4edbc945b7a0b28e43454f01a4804b615307465870466a618f,0.54,bid,27429.96,1750209662991
5899348323059455657630528606815138588415095483052205208567031442326527433126,book,b078084e6454d026aa2834a05dfa23c2e838cdd0,0xf1ba2c9ca3a82e4edbc945b7a0b28e43454f01a4804b615307465870466a618f,0.99,ask,2000,1750209663082
5899348323059455657630528606815138588415095483052205208567031442326527433126,book,b078084e6454d026aa2834a05dfa23c2e838cdd0,0xf1ba2c9ca3a82e4edbc945b7a0b28e43454f01a4804b615307465870466a618f,0.98,ask,1520,1750209663082
5899348323059455657630528606815138588415095483052205208567031442326527433126,book,b078084e6454d026aa2834a05dfa23c2e838cdd0,0xf1ba2c9ca3a82e4edbc945b7a0b28e43454f01a4804b615307465870466a618f,0.97,ask,350,1750209663082
5899348323059455657630528606815138588415095483052205208567031442326527433126,book,b078084e6454d026aa2834a05dfa23c2e838cdd0,0xf1ba2c9ca3a82e4edbc945b7a0b28e43454f01a4804b615307465870466a618f,0.96,ask,250,1750209663082
5899348323059455657630528606815138588415095483052205208567031442326527433126,book,b078084e6454d026aa2834a05dfa23c2e838cdd0,0xf1ba2c9ca3a82e4edbc945b7a0b28e43454f01a4804b615307465870466a618f,0.95,ask,109.5,1750209663082
5899348323059455657630528606815138588415095483052205208567031442326527433126,book,b078084e6454d026aa2834a05dfa23c2e838cdd0,0xf1ba2c9ca3a82e4edbc945b7a0b28e43454f01a4804b615307465870466a618f,0.75,ask,18179,1750209663082
5899348323059455657630528606815138588415095483052205208567031442326527433126,book,b078084e6454d026aa2834a05dfa23c2e838cdd0,0xf1ba2c9ca3a82e4edbc945b7a0b28e43454f01a4804b615307465870466a618f,0.68,ask,26154,1750209663082
5899348323059455657630528606815138588415095483052205208567031442326527433126,book,b078084e6454d026aa2834a05dfa23c2e838cdd0,0xf1ba2c9ca3a82e4edbc945b7a0b28e43454f01a4804b615307465870466a618f,0.67,ask,369,1750209663082
5899348323059455657630528606815138588415095483052205208567031442326527433126,book,b078084e6454d026aa2834a05dfa23c2e838cdd0,0xf1ba2c9ca3a82e4edbc945b7a0b28e43454f01a4804b615307465870466a618f,0.66,ask,13317.5,1750209663082
5899348323059455657630528606815138588415095483052205208567031442326527433126,book,b078084e6454d026aa2834a05dfa23c2e838cdd0,0xf1ba2c9ca3a82e4edbc945b7a0b28e43454f01a4804b615307465870466a618f,0.65,ask,1741.09,1750209663082
5899348323059455657630528606815138588415095483052205208567031442326527433126,book,b078084e6454d026aa2834a05dfa23c2e838cdd0,0xf1ba2c9ca3a82e4edbc945b7a0b28e43454f01a4804b615307465870466a618f,0.64,ask,50,1750209663082
5899348323059455657630528606815138588415095483052205208567031442326527433126,book,b078084e6454d026aa2834a05dfa23c2e838cdd0,0xf1ba2c9ca3a82e4edbc945b7a0b28e43454f01a4804b615307465870466a618f,0.63,ask,3864.9,1750209663082
5899348323059455657630528606815138588415095483052205208567031442326527433126,book,b078084e6454d026aa2834a05dfa23c2e838cdd0,0xf1ba2c9ca3a82e4edbc945b7a0b28e43454f01a4804b615307465870466a618f,0.01,bid,2009.5,1750209663082
5899348323059455657630528606815138588415095483052205208567031442326527433126,book,b078084e6454d026aa2834a05dfa23c2e838cdd0,0xf1ba2c9ca3a82e4edbc945b7a0b28e43454f01a4804b615307465870466a618f,0.02,bid,1500,1750209663082
5899348323059455657630528606815138588415095483052205208567031442326527433126,book,b078084e6454d026aa2834a05dfa23c2e838cdd0,0xf1ba2c9ca3a82e4edbc945b7a0b28e43454f01a4804b615307465870466a618f,0.03,bid,350,1750209663082
5899348323059455657630528606815138588415095483052205208567031442326527433126,book,b078084e6454d026aa2834a05dfa23c2e838cdd0,0xf1ba2c9ca3a82e4edbc945b7a0b28e43454f01a4804b615307465870466a618f,0.04,bid,250,1750209663082
5899348323059455657630528606815138588415095483052205208567031442326527433126,book,b078084e6454d026aa2834a05dfa23c2e838cdd0,0xf1ba2c9ca3a82e4edbc945b7a0b28e43454f01a4804b615307465870466a618f,0.05,bid,100,1750209663082
5899348323059455657630528606815138588415095483052205208567031442326527433126,book,b078084e6454d026aa2834a05dfa23c2e838cdd0,0xf1ba2c9ca3a82e4edbc945b7a0b28e43454f01a4804b615307465870466a618f,0.47,bid,13755,1750209663082
5899348323059455657630528606815138588415095483052205208567031442326527433126,book,b078084e6454d026aa2834a05dfa23c2e838cdd0,0xf1ba2c9ca3a82e4edbc945b7a0b28e43454f01a4804b615307465870466a618f,0.5,bid,150,1750209663082
5899348323059455657630528606815138588415095483052205208567031442326527433126,book,b078084e6454d026aa2834a05dfa23c2e838cdd0,0xf1ba2c9ca3a82e4edbc945b7a0b28e43454f01a4804b615307465870466a618f,0.51,bid,419,1750209663082
5899348323059455657630528606815138588415095483052205208567031442326527433126,book,b078084e6454d026aa2834a05dfa23c2e838cdd0,0xf1ba2c9ca3a82e4edbc945b7a0b28e43454f01a4804b615307465870466a618f,0.54,bid,27429.96,1750209663082
5899348323059455657630528606815138588415095483052205208567031442326527433126,book,b078084e6454d026aa2834a05dfa23c2e838cdd0,0xf1ba2c9ca3a82e4edbc945b7a0b28e43454f01a4804b615307465870466a618f,0.55,bid,11759.5,1750209663082
5899348323059455657630528606815138588415095483052205208567031442326527433126,book,b078084e6454d026aa2834a05dfa23c2e838cdd0,0xf1ba2c9ca3a82e4edbc945b7a0b28e43454f01a4804b615307465870466a618f,0.56,bid,1100,1750209663082
5899348323059455657630528606815138588415095483052205208567031442326527433126,book,b078084e6454d026aa2834a05dfa23c2e838cdd0,0xf1ba2c9ca3a82e4edbc945b7a0b28e43454f01a4804b615307465870466a618f,0.57,bid,925,1750209663082
5899348323059455657630528606815138588415095483052205208567031442326527433126,book,b078084e6454d026aa2834a05dfa23c2e838cdd0,0xf1ba2c9ca3a82e4edbc945b7a0b28e43454f01a4804b615307465870466a618f,0.58,bid,9.14,1750209663082
76440473074388722537799893602404687230922238288182630419521127770642474448937,book,f5d5635d87e872655c5a578d47fd3db29f78a9cc,0xf1ba2c9ca3a82e4edbc945b7a0b28e43454f01a4804b615307465870466a618f,0.99,ask,2009.5,1750209663082
76440473074388722537799893602404687230922238288182630419521127770642474448937,book,f5d5635d87e872655c5a578d47fd3db29f78a9cc,0xf1ba2c9ca3a82e4edbc945b7a0b28e43454f01a4804b615307465870466a618f,0.98,ask,1500,1750209663082
76440473074388722537799893602404687230922238288182630419521127770642474448937,book,f5d5635d87e872655c5a578d47fd3db29f78a9cc,0xf1ba2c9ca3a82e4edbc945b7a0b28e43454f01a4804b615307465870466a618f,0.97,ask,350,1750209663082
76440473074388722537799893602404687230922238288182630419521127770642474448937,book,f5d5635d87e872655c5a578d47fd3db29f78a9cc,0xf1ba2c9ca3a82e4edbc945b7a0b28e43454f01a4804b615307465870466a618f,0.96,ask,250,1750209663082
76440473074388722537799893602404687230922238288182630419521127770642474448937,book,f5d5635d87e872655c5a578d47fd3db29f78a9cc,0xf1ba2c9ca3a82e4edbc945b7a0b28e43454f01a4804b615307465870466a618f,0.95,ask,100,1750209663082
76440473074388722537799893602404687230922238288182630419521127770642474448937,book,f5d5635d87e872655c5a578d47fd3db29f78a9cc,0xf1ba2c9ca3a82e4edbc945b7a0b28e43454f01a4804b615307465870466a618f,0.53,ask,13755,1750209663082
76440473074388722537799893602404687230922238288182630419521127770642474448937,book,f5d5635d87e872655c5a578d47fd3db29f78a9cc,0xf1ba2c9ca3a82e4edbc945b7a0b28e43454f01a4804b615307465870466a618f,0.5,ask,150,1750209663082
76440473074388722537799893602404687230922238288182630419521127770642474448937,book,f5d5635d87e872655c5a578d47fd3db29f78a9cc,0xf1ba2c9ca3a82e4edbc945b7a0b28e43454f01a4804b615307465870466a618f,0.49,ask,419,1750209663082
76440473074388722537799893602404687230922238288182630419521127770642474448937,book,f5d5635d87e872655c5a578d47fd3db29f78a9cc,0xf1ba2c9ca3a82e4edbc945b7a0b28e43454f01a4804b615307465870466a618f,0.46,ask,27429.96,1750209663082
76440473074388722537799893602404687230922238288182630419521127770642474448937,book,f5d5635d87e872655c5a578d47fd3db29f78a9cc,0xf1ba2c9ca3a82e4edbc945b7a0b28e43454f01a4804b615307465870466a618f,0.45,ask,11759.5,1750209663082
76440473074388722537799893602404687230922238288182630419521127770642474448937,book,f5d5635d87e872655c5a578d47fd3db29f78a9cc,0xf1ba2c9ca3a82e4edbc945b7a0b28e43454f01a4804b615307465870466a618f,0.44,ask,1100,1750209663082
76440473074388722537799893602404687230922238288182630419521127770642474448937,book,f5d5635d87e872655c5a578d47fd3db29f78a9cc,0xf1ba2c9ca3a82e4edbc945b7a0b28e43454f01a4804b615307465870466a618f,0.43,ask,925,1750209663082
76440473074388722537799893602404687230922238288182630419521127770642474448937,book,f5d5635d87e872655c5a578d47fd3db29f78a9cc,0xf1ba2c9ca3a82e4edbc945b7a0b28e43454f01a4804b615307465870466a618f,0.42,ask,9.14,1750209663082
76440473074388722537799893602404687230922238288182630419521127770642474448937,book,f5d5635d87e872655c5a578d47fd3db29f78a9cc,0xf1ba2c9ca3a82e4edbc945b7a0b28e43454f01a4804b615307465870466a618f,0.01,bid,2000,1750209663082
76440473074388722537799893602404687230922238288182630419521127770642474448937,book,f5d5635d87e872655c5a578d47fd3db29f78a9cc,0xf1ba2c9ca3a82e4edbc945b7a0b28e43454f01a4804b615307465870466a618f,0.02,bid,1520,1750209663082
76440473074388722537799893602404687230922238288182630419521127770642474448937,book,f5d5635d87e872655c5a578d47fd3db29f78a9cc,0xf1ba2c9ca3a82e4edbc945b7a0b28e43454f01a4804b615307465870466a618f,0.03,bid,350,1750209663082
76440473074388722537799893602404687230922238288182630419521127770642474448937,book,f5d5635d87e872655c5a578d47fd3db29f78a9cc,0xf1ba2c9ca3a82e4edbc945b7a0b28e43454f01a4804b615307465870466a618f,0.04,bid,250,1750209663082
76440473074388722537799893602404687230922238288182630419521127770642474448937,book,f5d5635d87e872655c5a578d47fd3db29f78a9cc,0xf1ba2c9ca3a82e4edbc945b7a0b28e43454f01a4804b615307465870466a618f,0.05,bid,109.5,1750209663082
76440473074388722537799893602404687230922238288182630419521127770642474448937,book,f5d5635d87e872655c5a578d47fd3db29f78a9cc,0xf1ba2c9ca3a82e4edbc945b7a0b28e43454f01a4804b615307465870466a618f,0.25,bid,18179,1750209663082
76440473074388722537799893602404687230922238288182630419521127770642474448937,book,f5d5635d87e872655c5a578d47fd3db29f78a9cc,0xf1ba2c9ca3a82e4edbc945b7a0b28e43454f01a4804b615307465870466a618f,0.32,bid,26154,1750209663082
76440473074388722537799893602404687230922238288182630419521127770642474448937,book,f5d5635d87e872655c5a578d47fd3db29f78a9cc,0xf1ba2c9ca3a82e4edbc945b7a0b28e43454f01a4804b615307465870466a618f,0.33,bid,369,1750209663082
76440473074388722537799893602404687230922238288182630419521127770642474448937,book,f5d5635d87e872655c5a578d47fd3db29f78a9cc,0xf1ba2c9ca3a82e4edbc945b7a0b28e43454f01a4804b615307465870466a618f,0.34,bid,13317.5,1750209663082
76440473074388722537799893602404687230922238288182630419521127770642474448937,book,f5d5635d87e872655c5a578d47fd3db29f78a9cc,0xf1ba2c9ca3a82e4edbc945b7a0b28e43454f01a4804b615307465870466a618f,0.35,bid,1741.09,1750209663082
76440473074388722537799893602404687230922238288182630419521127770642474448937,book,f5d5635d87e872655c5a578d47fd3db29f78a9cc,0xf1ba2c9ca3a82e4edbc945b7a0b28e43454f01a4804b615307465870466a618f,0.36,bid,50,1750209663082
76440473074388722537799893602404687230922238288182630419521127770642474448937,book,f5d5635d87e872655c5a578d47fd3db29f78a9cc,0xf1ba2c9ca3a82e4edbc945b7a0b28e43454f01a4804b615307465870466a618f,0.37,bid,3864.9,1750209663082
5899348323059455657630528606815138588415095483052205208567031442326527433126,price_change,7d7e958f851e2ec7a15fb7bc75a1bcc6c79eeea5,0xf1ba2c9ca3a82e4edbc945b7a0b28e43454f01a4804b615307465870466a618f,0.63,ask,3864.9,1750209663176
5899348323059455657630528606815138588415095483052205208567031442326527433126,price_change,7d7e958f851e2ec7a15fb7bc75a1bcc6c79eeea5,0xf1ba2c9ca3a82e4edbc945b7a0b28e43454f01a4804b615307465870466a618f,0.54,bid,27654.03,1750209663176
5899348323059455657630528606815138588415095483052205208567031442326527433126,price_change,7d7e958f851e2ec7a15fb7bc75a1bcc6c79eeea5,0xf1ba2c9ca3a82e4edbc945b7a0b28e43454f01a4804b615307465870466a618f,0.58,bid,82.14,1750209663176
76440473074388722537799893602404687230922238288182630419521127770642474448937,price_change,ad96db1efe26c2f10eed4be7abea589e69274119,0xf1ba2c9ca3a82e4edbc945b7a0b28e43454f01a4804b615307465870466a618f,0.37,bid,3864.9,1750209663176
76440473074388722537799893602404687230922238288182630419521127770642474448937,price_change,ad96db1efe26c2f10eed4be7abea589e69274119,0xf1ba2c9ca3a82e4edbc945b7a0b28e43454f01a4804b615307465870466a618f,0.46,ask,27654.03,1750209663176
76440473074388722537799893602404687230922238288182630419521127770642474448937,price_change,ad96db1efe26c2f10eed4be7abea589e69274119,0xf1ba2c9ca3a82e4edbc945b7a0b28e43454f01a4804b615307465870466a618f,0.42,ask,82.14,1750209663176
76440473074388722537799893602404687230922238288182630419521127770642474448937,price_change,25bbf0607e2eeba591159d3509bc1fea2794f280,0xf1ba2c9ca3a82e4edbc945b7a0b28e43454f01a4804b615307465870466a618f,0.38,bid,90.85,1750209663253
5899348323059455657630528606815138588415095483052205208567031442326527433126,price_change,27361488b41db547275c0bb69db3a724dab4e74b,0xf1ba2c9ca3a82e4edbc945b7a0b28e43454f01a4804b615307465870466a618f,0.62,ask,90.85,1750209663253
5899348323059455657630528606815138588415095483052205208567031442326527433126,price_change,53780c579d835b5f6afb6c973ebed0ef448a38a6,0xf1ba2c9ca3a82e4edbc945b7a0b28e43454f01a4804b615307465870466a618f,0.62,ask,204.85,1750209663568
76440473074388722537799893602404687230922238288182630419521127770642474448937,price_change,600305c51d3bb17f00db7272c17a293d07c5719f,0xf1ba2c9ca3a82e4edbc945b7a0b28e43454f01a4804b615307465870466a618f,0.38,bid,204.85,1750209663568
5899348323059455657630528606815138588415095483052205208567031442326527433126,price_change,2ee5e4a9750c18f9fc6f38477061724a3d0180da,0xf1ba2c9ca3a82e4edbc945b7a0b28e43454f01a4804b615307465870466a618f,0.62,ask,114,1750209664031
76440473074388722537799893602404687230922238288182630419521127770642474448937,price_change,a6e7e58f43e38b73531c0fe4c7b3a66102e39db3,0xf1ba2c9ca3a82e4edbc945b7a0b28e43454f01a4804b615307465870466a618f,0.38,bid,114,1750209664031
5899348323059455657630528606815138588415095483052205208567031442326527433126,price_change,d69f59adf279e7eb05c55763649a8c1ad5684cbb,0xf1ba2c9ca3a82e4edbc945b7a0b28e43454f01a4804b615307465870466a618f,0.58,bid,9.14,1750209665775
76440473074388722537799893602404687230922238288182630419521127770642474448937,price_change,c1d95dc9412bd114320ae2012a50e457fa785c42,0xf1ba2c9ca3a82e4edbc945b7a0b28e43454f01a4804b615307465870466a618f,0.42,ask,9.14,1750209665775
76440473074388722537799893602404687230922238288182630419521127770642474448937,price_change,cd77a6b2e49d87b464bfe6917b17a8f6ec9e07fb,0xf1ba2c9ca3a82e4edbc945b7a0b28e43454f01a4804b615307465870466a618f,0.46,ask,22967,1750209667057
5899348323059455657630528606815138588415095483052205208567031442326527433126,price_change,ea0cf1b25c0dcff57d7e3e0b54c9e274fc1ce13c,0xf1ba2c9ca3a82e4edbc945b7a0b28e43454f01a4804b615307465870466a618f,0.54,bid,22967,1750209667057
5899348323059455657630528606815138588415095483052205208567031442326527433126,price_change,5687c5873ca047e620daed6ae43059cd5d7916cd,0xf1ba2c9ca3a82e4edbc945b7a0b28e43454f01a4804b615307465870466a618f,0.55,bid,16475.85,1750209667359
76440473074388722537799893602404687230922238288182630419521127770642474448937,price_change,53ee0ef874f5054b999cb7e44bcee66d04f11a3c,0xf1ba2c9ca3a82e4edbc945b7a0b28e43454f01a4804b615307465870466a618f,0.45,ask,16475.85,1750209667359
5899348323059455657630528606815138588415095483052205208567031442326527433126,price_change,77d632329e2922250aa14dc7d35b33fa057e08dc,0xf1ba2c9ca3a82e4edbc945b7a0b28e43454f01a4804b615307465870466a618f,0.66,ask,13167.5,1750209676480
5899348323059455657630528606815138588415095483052205208567031442326527433126,price_change,77d632329e2922250aa14dc7d35b33fa057e08dc,0xf1ba2c9ca3a82e4edbc945b7a0b28e43454f01a4804b615307465870466a618f,0.55,bid,15475.85,1750209676480
5899348323059455657630528606815138588415095483052205208567031442326527433126,price_change,77d632329e2922250aa14dc7d35b33fa057e08dc,0xf1ba2c9ca3a82e4edbc945b7a0b28e43454f01a4804b615307465870466a618f,0.56,bid,100,1750209676480
76440473074388722537799893602404687230922238288182630419521127770642474448937,price_change,008c2ea299f04f26a38d978907a3981e524cef47,0xf1ba2c9ca3a82e4edbc945b7a0b28e43454f01a4804b615307465870466a618f,0.34,bid,13167.5,1750209676480
76440473074388722537799893602404687230922238288182630419521127770642474448937,price_change,008c2ea299f04f26a38d978907a3981e524cef47,0xf1ba2c9ca3a82e4edbc945b7a0b28e43454f01a4804b615307465870466a618f,0.45,ask,15475.85,1750209676480
76440473074388722537799893602404687230922238288182630419521127770642474448937,price_change,008c2ea299f04f26a38d978907a3981e524cef47,0xf1ba2c9ca3a82e4edbc945b7a0b28e43454f01a4804b615307465870466a618f,0.44,ask,100,1750209676480
76440473074388722537799893602404687230922238288182630419521127770642474448937,price_change,77c3fbab89698fa311a267e2aa106b928933bf16,0xf1ba2c9ca3a82e4edbc945b7a0b28e43454f01a4804b615307465870466a618f,0.36,bid,0,1750209676563
5899348323059455657630528606815138588415095483052205208567031442326527433126,price_change,260ebe523280e1eb8f724683be12dc4280a6227b,0xf1ba2c9ca3a82e4edbc945b7a0b28e43454f01a4804b615307465870466a618f,0.64,ask,0,1750209676563
76440473074388722537799893602404687230922238288182630419521127770642474448937,price_change,c00e4f8a15dbc4f846894888ef00ac1f825dfb43,0xf1ba2c9ca3a82e4edbc945b7a0b28e43454f01a4804b615307465870466a618f,0.33,bid,6183.5,1750209676991
76440473074388722537799893602404687230922238288182630419521127770642474448937,price_change,c00e4f8a15dbc4f846894888ef00ac1f825dfb43,0xf1ba2c9ca3a82e4edbc945b7a0b28e43454f01a4804b615307465870466a618f,0.44,ask,5914.5,1750209676991
5899348323059455657630528606815138588415095483052205208567031442326527433126,price_change,49f6468608921cfea3057f6dc8afc97346a21a31,0xf1ba2c9ca3a82e4edbc945b7a0b28e43454f01a4804b615307465870466a618f,0.67,ask,6183.5,1750209676991
5899348323059455657630528606815138588415095483052205208567031442326527433126,price_change,49f6468608921cfea3057f6dc8afc97346a21a31,0xf1ba2c9ca3a82e4edbc945b7a0b28e43454f01a4804b615307465870466a618f,0.56,bid,5914.5,1750209676991
76440473074388722537799893602404687230922238288182630419521127770642474448937,price_change,f21e42304f10dfabb11163563fa92275fd29fd4d,0xf1ba2c9ca3a82e4edbc945b7a0b28e43454f01a4804b615307465870466a618f,0.45,ask,9661.35,1750209677231
76440473074388722537799893602404687230922238288182630419521127770642474448937,price_change,f21e42304f10dfabb11163563fa92275fd29fd4d,0xf1ba2c9ca3a82e4edbc945b7a0b28e43454f01a4804b615307465870466a618f,0.34,bid,7353,1750209677231
76440473074388722537799893602404687230922238288182630419521127770642474448937,price_change,f21e42304f10dfabb11163563fa92275fd29fd4d,0xf1ba2c9ca3a82e4edbc945b7a0b28e43454f01a4804b615307465870466a618f,0.37,bid,502.74,1750209677231
76440473074388722537799893602404687230922238288182630419521127770642474448937,price_change,f21e42304f10dfabb11163563fa92275fd29fd4d,0xf1ba2c9ca3a82e4edbc945b7a0b28e43454f01a4804b615307465870466a618f,0.35,bid,1333.27,1750209677231
5899348323059455657630528606815138588415095483052205208567031442326527433126,price_change,0d4ff27c5720432aa506c9e4771ef8f2924adb2a,0xf1ba2c9ca3a82e4edbc945b7a0b28e43454f01a4804b615307465870466a618f,0.55,bid,9661.35,1750209677231
5899348323059455657630528606815138588415095483052205208567031442326527433126,price_change,0d4ff27c5720432aa506c9e4771ef8f2924adb2a,0xf1ba2c9ca3a82e4edbc945b7a0b28e43454f01a4804b615307465870466a618f,0.66,ask,7353,1750209677231
5899348323059455657630528606815138588415095483052205208567031442326527433126,price_change,0d4ff27c5720432aa506c9e4771ef8f2924adb2a,0xf1ba2c9ca3a82e4edbc945b7a0b28e43454f01a4804b615307465870466a618f,0.63,ask,502.74,1750209677231
5899348323059455657630528606815138588415095483052205208567031442326527433126,price_change,0d4ff27c5720432aa506c9e4771ef8f2924adb2a,0xf1ba2c9ca3a82e4edbc945b7a0b28e43454f01a4804b615307465870466a618f,0.65,ask,1333.27,1750209677231
76440473074388722537799893602404687230922238288182630419521127770642474448937,price_change,87c0bbd323e18c524e461e208218ae4060923e68,0xf1ba2c9ca3a82e4edbc945b7a0b28e43454f01a4804b615307465870466a618f,0.34,bid,7810.82,1750209677250
5899348323059455657630528606815138588415095483052205208567031442326527433126,price_change,b79d816ab67d679087f97f059d771c9814db4416,0xf1ba2c9ca3a82e4edbc945b7a0b28e43454f01a4804b615307465870466a618f,0.66,ask,7810.82,1750209677250
76440473074388722537799893602404687230922238288182630419521127770642474448937,price_change,eaa647023b7be8ee07918f1b30b55f02d93f2147,0xf1ba2c9ca3a82e4edbc945b7a0b28e43454f01a4804b615307465870466a618f,0.45,ask,9261.35,1750209677410
76440473074388722537799893602404687230922238288182630419521127770642474448937,price_change,eaa647023b7be8ee07918f1b30b55f02d93f2147,0xf1ba2c9ca3a82e4edbc945b7a0b28e43454f01a4804b615307465870466a618f,0.36,bid,163.88,1750209677410
5899348323059455657630528606815138588415095483052205208567031442326527433126,price_change,a0ea904775ef059cc7c7ba798635e18f95c80aa8,0xf1ba2c9ca3a82e4edbc945b7a0b28e43454f01a4804b615307465870466a618f,0.55,bid,9261.35,1750209677410
5899348323059455657630528606815138588415095483052205208567031442326527433126,price_change,a0ea904775ef059cc7c7ba798635e18f95c80aa8,0xf1ba2c9ca3a82e4edbc945b7a0b28e43454f01a4804b615307465870466a618f,0.64,ask,163.88,1750209677410
76440473074388722537799893602404687230922238288182630419521127770642474448937,price_change,469483dc9020ca4cad1a387dbb1800480df87509,0xf1ba2c9ca3a82e4edbc945b7a0b28e43454f01a4804b615307465870466a618f,0.36,bid,3394.43,1750209677481
5899348323059455657630528606815138588415095483052205208567031442326527433126,price_change,e8d65be5b9a75b2c03e0e3bb03148f0db9d32939,0xf1ba2c9ca3a82e4edbc945b7a0b28e43454f01a4804b615307465870466a618f,0.64,ask,3394.43,1750209677481
76440473074388722537799893602404687230922238288182630419521127770642474448937,price_change,fa5776424b9378c3a485c4314a3749feda744240,0xf1ba2c9ca3a82e4edbc945b7a0b28e43454f01a4804b615307465870466a618f,0.38,bid,0,1750209677615
5899348323059455657630528606815138588415095483052205208567031442326527433126,price_change,908be4234ab682580ceba89ba11cfc6acb55fe15,0xf1ba2c9ca3a82e4edbc945b7a0b28e43454f01a4804b615307465870466a618f,0.62,ask,0,1750209677615
76440473074388722537799893602404687230922238288182630419521127770642474448937,price_change,5d1072fbba4889a935bb47163ae9566d954ae487,0xf1ba2c9ca3a82e4edbc945b7a0b28e43454f01a4804b615307465870466a618f,0.38,bid,29.57,1750209677822
5899348323059455657630528606815138588415095483052205208567031442326527433126,price_change,a21d77f3d76135aebf1fceb60c434d4e0dae0485,0xf1ba2c9ca3a82e4edbc945b7a0b28e43454f01a4804b615307465870466a618f,0.62,ask,29.57,1750209677822
76440473074388722537799893602404687230922238288182630419521127770642474448937,price_change,cfdd70c4f04a6ac5ab4655bf110d56e9aea8cd82,0xf1ba2c9ca3a82e4edbc945b7a0b28e43454f01a4804b615307465870466a618f,0.35,bid,1221,1750209677946
76440473074388722537799893602404687230922238288182630419521127770642474448937,price_change,cfdd70c4f04a6ac5ab4655bf110d56e9aea8cd82,0xf1ba2c9ca3a82e4edbc945b7a0b28e43454f01a4804b615307465870466a618f,0.45,ask,4716.35,1750209677946
5899348323059455657630528606815138588415095483052205208567031442326527433126,price_change,15237fb703069ea997a9aae81ba29286c11ac4ab,0xf1ba2c9ca3a82e4edbc945b7a0b28e43454f01a4804b615307465870466a618f,0.65,ask,1221,1750209677946
5899348323059455657630528606815138588415095483052205208567031442326527433126,price_change,15237fb703069ea997a9aae81ba29286c11ac4ab,0xf1ba2c9ca3a82e4edbc945b7a0b28e43454f01a4804b615307465870466a618f,0.55,bid,4716.35,1750209677946
5899348323059455657630528606815138588415095483052205208567031442326527433126,price_change,30f99571e0caabb4152db4697459566497b57c12,0xf1ba2c9ca3a82e4edbc945b7a0b28e43454f01a4804b615307465870466a618f,0.66,ask,457.82,1750209677968
5899348323059455657630528606815138588415095483052205208567031442326527433126,price_change,30f99571e0caabb4152db4697459566497b57c12,0xf1ba2c9ca3a82e4edbc945b7a0b28e43454f01a4804b615307465870466a618f,0.63,ask,0,1750209677968
5899348323059455657630528606815138588415095483052205208567031442326527433126,price_change,30f99571e0caabb4152db4697459566497b57c12,0xf1ba2c9ca3a82e4edbc945b7a0b28e43454f01a4804b615307465870466a618f,0.57,bid,750,1750209677968
5899348323059455657630528606815138588415095483052205208567031442326527433126,price_change,30f99571e0caabb4152db4697459566497b57c12,0xf1ba2c9ca3a82e4edbc945b7a0b28e43454f01a4804b615307465870466a618f,0.65,ask,935,1750209677968
76440473074388722537799893602404687230922238288182630419521127770642474448937,price_change,6bc69c712f01b321d9b59cbdb628043c075cbb78,0xf1ba2c9ca3a82e4edbc945b7a0b28e43454f01a4804b615307465870466a618f,0.34,bid,457.82,1750209677968
76440473074388722537799893602404687230922238288182630419521127770642474448937,price_change,6bc69c712f01b321d9b59cbdb628043c075cbb78,0xf1ba2c9ca3a82e4edbc945b7a0b28e43454f01a4804b615307465870466a618f,0.37,bid,0,1750209677968
76440473074388722537799893602404687230922238288182630419521127770642474448937,price_change,6bc69c712f01b321d9b59cbdb628043c075cbb78,0xf1ba2c9ca3a82e4edbc945b7a0b28e43454f01a4804b615307465870466a618f,0.43,ask,750,1750209677968
76440473074388722537799893602404687230922238288182630419521127770642474448937,price_change,6bc69c712f01b321d9b59cbdb628043c075cbb78,0xf1ba2c9ca3a82e4edbc945b7a0b28e43454f01a4804b615307465870466a618f,0.35,bid,935,1750209677968
76440473074388722537799893602404687230922238288182630419521127770642474448937,price_change,bddcf81cad733f4247dd4fee467985bc7e402488,0xf1ba2c9ca3a82e4edbc945b7a0b28e43454f01a4804b615307465870466a618f,0.35,bid,885,1750209678134
5899348323059455657630528606815138588415095483052205208567031442326527433126,price_change,0e66c0ff7516e6622cd3e2f236e7d9795b2fc243,0xf1ba2c9ca3a82e4edbc945b7a0b28e43454f01a4804b615307465870466a618f,0.65,ask,885,1750209678134
76440473074388722537799893602404687230922238288182630419521127770642474448937,price_change,9154634a4af992e13254bb56380f208d5bb7b98c,0xf1ba2c9ca3a82e4edbc945b7a0b28e43454f01a4804b615307465870466a618f,0.37,bid,79.57,1750209678211
5899348323059455657630528606815138588415095483052205208567031442326527433126,price_change,90f16e16e3efe3839304568ae4a031ee4bd4a821,0xf1ba2c9ca3a82e4edbc945b7a0b28e43454f01a4804b615307465870466a618f,0.63,ask,79.57,1750209678211
5899348323059455657630528606815138588415095483052205208567031442326527433126,price_change,ab6b9ec7ba976451b59fee059af56beef3c5fa90,0xf1ba2c9ca3a82e4edbc945b7a0b28e43454f01a4804b615307465870466a618f,0.62,ask,0,1750209678457
76440473074388722537799893602404687230922238288182630419521127770642474448937,price_change,5d17100d26508711ccb4116d901f7bc155d90346,0xf1ba2c9ca3a82e4edbc945b7a0b28e43454f01a4804b615307465870466a618f,0.38,bid,0,1750209678457
5899348323059455657630528606815138588415095483052205208567031442326527433126,price_change,2462ebc9e82381a66964833a41eabf63d9eb8ae2,0xf1ba2c9ca3a82e4edbc945b7a0b28e43454f01a4804b615307465870466a618f,0.67,ask,6333.5,1750209678644
76440473074388722537799893602404687230922238288182630419521127770642474448937,price_change,3b62e4e0bcc5c0c2fe3f0e61b135cfe8f654ca8d,0xf1ba2c9ca3a82e4edbc945b7a0b28e43454f01a4804b615307465870466a618f,0.33,bid,6333.5,1750209678644
5899348323059455657630528606815138588415095483052205208567031442326527433126,price_change,6bbd93c15d1edaa24cff1405ac5774fa9e657a35,0xf1ba2c9ca3a82e4edbc945b7a0b28e43454f01a4804b615307465870466a618f,0.65,ask,935,1750209678719
76440473074388722537799893602404687230922238288182630419521127770642474448937,price_change,d6edaf5a1e01e6aa772d6b23b4f14e448733cdc2,0xf1ba2c9ca3a82e4edbc945b7a0b28e43454f01a4804b615307465870466a618f,0.35,bid,935,1750209678719
5899348323059455657630528606815138588415095483052205208567031442326527433126,price_change,752d5d814747d7382a37d04b1a6eb2df4170f49f,0xf1ba2c9ca3a82e4edbc945b7a0b28e43454f01a4804b615307465870466a618f,0.58,bid,4319.14,1750209678972
76440473074388722537799893602404687230922238288182630419521127770642474448937,price_change,9e08d1dd5c5ba3280d222c9a7db5409dfa5b2e8d,0xf1ba2c9ca3a82e4edbc945b7a0b28e43454f01a4804b615307465870466a618f,0.42,ask,4319.14,1750209678972
5899348323059455657630528606815138588415095483052205208567031442326527433126,price_change,1736915a150ed55e9e49d60514fb4ea2b56877cd,0xf1ba2c9ca3a82e4edbc945b7a0b28e43454f01a4804b615307465870466a618f,0.66,ask,7810.82,1750209679089
5899348323059455657630528606815138588415095483052205208567031442326527433126,price_change,1736915a150ed55e9e49d60514fb4ea2b56877cd,0xf1ba2c9ca3a82e4edbc945b7a0b28e43454f01a4804b615307465870466a618f,0.56,bid,5814.5,1750209679089
5899348323059455657630528606815138588415095483052205208567031442326527433126,price_change,1736915a150ed55e9e49d60514fb4ea2b56877cd,0xf1ba2c9ca3a82e4edbc945b7a0b28e43454f01a4804b615307465870466a618f,0.65,ask,835,1750209679089
76440473074388722537799893602404687230922238288182630419521127770642474448937,price_change,1c80aed55e193e599cd228adafc71880a177e032,0xf1ba2c9ca3a82e4edbc945b7a0b28e43454f01a4804b615307465870466a618f,0.34,bid,7810.82,1750209679089
76440473074388722537799893602404687230922238288182630419521127770642474448937,price_change,1c80aed55e193e599cd228adafc71880a177e032,0xf1ba2c9ca3a82e4edbc945b7a0b28e43454f01a4804b615307465870466a618f,0.44,ask,5814.5,1750209679089
76440473074388722537799893602404687230922238288182630419521127770642474448937,price_change,1c80aed55e193e599cd228adafc71880a177e032,0xf1ba2c9ca3a82e4edbc945b7a0b28e43454f01a4804b615307465870466a618f,0.35,bid,835,1750209679089
5899348323059455657630528606815138588415095483052205208567031442326527433126,price_change,db3439e973909cb66dbbc5adfefb3365369bf0ff,0xf1ba2c9ca3a82e4edbc945b7a0b28e43454f01a4804b615307465870466a618f,0.66,ask,7923.09,1750209679195
5899348323059455657630528606815138588415095483052205208567031442326527433126,price_change,db3439e973909cb66dbbc5adfefb3365369bf0ff,0xf1ba2c9ca3a82e4edbc945b7a0b28e43454f01a4804b615307465870466a618f,0.67,ask,6183.5,1750209679195
76440473074388722537799893602404687230922238288182630419521127770642474448937,price_change,58e09f08d415f5020322527551a5b29cbfc5bcbe,0xf1ba2c9ca3a82e4edbc945b7a0b28e43454f01a4804b615307465870466a618f,0.34,bid,7923.09,1750209679195
76440473074388722537799893602404687230922238288182630419521127770642474448937,price_change,58e09f08d415f5020322527551a5b29cbfc5bcbe,0xf1ba2c9ca3a82e4edbc945b7a0b28e43454f01a4804b615307465870466a618f,0.33,bid,6183.5,1750209679195
5899348323059455657630528606815138588415095483052205208567031442326527433126,price_change,d293e3325ad5f46970de54f643452d11525c35d1,0xf1ba2c9ca3a82e4edbc945b7a0b28e43454f01a4804b615307465870466a618f,0.57,bid,20750,1750209679279
5899348323059455657630528606815138588415095483052205208567031442326527433126,price_change,d293e3325ad5f46970de54f643452d11525c35d1,0xf1ba2c9ca3a82e4edbc945b7a0b28e43454f01a4804b615307465870466a618f,0.66,ask,27923.09,1750209679279
76440473074388722537799893602404687230922238288182630419521127770642474448937,price_change,d2687565bc5b51c5e6f3210c53d60b44fd48ea09,0xf1ba2c9ca3a82e4edbc945b7a0b28e43454f01a4804b615307465870466a618f,0.43,ask,20750,1750209679279
76440473074388722537799893602404687230922238288182630419521127770642474448937,price_change,d2687565bc5b51c5e6f3210c53d60b44fd48ea09,0xf1ba2c9ca3a82e4edbc945b7a0b28e43454f01a4804b615307465870466a618f,0.34,bid,27923.09,1750209679279
5899348323059455657630528606815138588415095483052205208567031442326527433126,price_change,9b6feae60f496504cc03f483e2338f7818d400f4,0xf1ba2c9ca3a82e4edbc945b7a0b28e43454f01a4804b615307465870466a618f,0.65,ask,785,1750209679463
76440473074388722537799893602404687230922238288182630419521127770642474448937,price_change,ab0964429308dbe156bf3a30467d03532192ce52,0xf1ba2c9ca3a82e4edbc945b7a0b28e43454f01a4804b615307465870466a618f,0.35,bid,785,1750209679463
5899348323059455657630528606815138588415095483052205208567031442326527433126,price_change,f4c41af68e50db1af96c3250aaa6e48279cabc36,0xf1ba2c9ca3a82e4edbc945b7a0b28e43454f01a4804b615307465870466a618f,0.63,ask,0,1750209679757
76440473074388722537799893602404687230922238288182630419521127770642474448937,price_change,9a6f674b05627ad3f9687907b1a0a754c0c21b9e,0xf1ba2c9ca3a82e4edbc945b7a0b28e43454f01a4804b615307465870466a618f,0.37,bid,0,1750209679757
76440473074388722537799893602404687230922238288182630419521127770642474448937,price_change,6f216890e9aa8497c27d96c153c91ca465c06ec6,0xf1ba2c9ca3a82e4edbc945b7a0b28e43454f01a4804b615307465870466a618f,0.37,bid,15.87,1750209680098
5899348323059455657630528606815138588415095483052205208567031442326527433126,price_change,ef7db7e2748ac78c826397ee5b49ee74e1a4ca18,0xf1ba2c9ca3a82e4edbc945b7a0b28e43454f01a4804b615307465870466a618f,0.63,ask,15.87,1750209680098
5899348323059455657630528606815138588415095483052205208567031442326527433126,price_change,476d81434ada424ecc7aae62d9e8ff447fa118bd,0xf1ba2c9ca3a82e4edbc945b7a0b28e43454f01a4804b615307465870466a618f,0.65,ask,835,1750209680176
76440473074388722537799893602404687230922238288182630419521127770642474448937,price_change,70f19612cd5a204c19d9ff2db507ec03a14af121,0xf1ba2c9ca3a82e4edbc945b7a0b28e43454f01a4804b615307465870466a618f,0.35,bid,835,1750209680176
76440473074388722537799893602404687230922238288182630419521127770642474448937,price_change,b9d34e20acb46defad9a70477fdb992f06e69fd5,0xf1ba2c9ca3a82e4edbc945b7a0b28e43454f01a4804b615307465870466a618f,0.33,bid,5814.5,1750209680531
5899348323059455657630528606815138588415095483052205208567031442326527433126,price_change,58a7f61296d309def144fa8bd51631f3b1dbfb97,0xf1ba2c9ca3a82e4edbc945b7a0b28e43454f01a4804b615307465870466a618f,0.67,ask,5814.5,1750209680531
5899348323059455657630528606815138588415095483052205208567031442326527433126,price_change,8f7827cb2f5c1e553c2de1f391beca22d39aeac3,0xf1ba2c9ca3a82e4edbc945b7a0b28e43454f01a4804b615307465870466a618f,0.55,bid,0,1750209680623
76440473074388722537799893602404687230922238288182630419521127770642474448937,price_change,b5ba0ff60fb20742cfcb10726bc3f4c981314ce8,0xf1ba2c9ca3a82e4edbc945b7a0b28e43454f01a4804b615307465870466a618f,0.45,ask,0,1750209680623
76440473074388722537799893602404687230922238288182630419521127770642474448937,price_change,6d4a9aae95d0a5dfb3ec42b114475977cde0afec,0xf1ba2c9ca3a82e4edbc945b7a0b28e43454f01a4804b615307465870466a618f,0.43,ask,750,1750209680712
76440473074388722537799893602404687230922238288182630419521127770642474448937,price_change,6d4a9aae95d0a5dfb3ec42b114475977cde0afec,0xf1ba2c9ca3a82e4edbc945b7a0b28e43454f01a4804b615307465870466a618f,0.34,bid,7923.09,1750209680712
5899348323059455657630528606815138588415095483052205208567031442326527433126,price_change,ae0f81533db68f99efecc43c3c8adc2e940d8f26,0xf1ba2c9ca3a82e4edbc945b7a0b28e43454f01a4804b615307465870466a618f,0.57,bid,750,1750209680712
5899348323059455657630528606815138588415095483052205208567031442326527433126,price_change,ae0f81533db68f99efecc43c3c8adc2e940d8f26,0xf1ba2c9ca3a82e4edbc945b7a0b28e43454f01a4804b615307465870466a618f,0.66,ask,7923.09,1750209680712
5899348323059455657630528606815138588415095483052205208567031442326527433126,price_change,5b699a7ab2717fe86e6d6c27db132f76b2741ea5,0xf1ba2c9ca3a82e4edbc945b7a0b28e43454f01a4804b615307465870466a618f,0.54,bid,27485.51,1750209680849
76440473074388722537799893602404687230922238288182630419521127770642474448937,price_change,a8c94046eadafe47c17e305dbc195e12e63dde84,0xf1ba2c9ca3a82e4edbc945b7a0b28e43454f01a4804b615307465870466a618f,0.46,ask,27485.51,1750209680849
5899348323059455657630528606815138588415095483052205208567031442326527433126,price_change,f9d8fffb90a1c8fbf7cb7ecb9628bd6c44abf54b,0xf1ba2c9ca3a82e4edbc945b7a0b28e43454f01a4804b615307465870466a618f,0.54,bid,27711.43,1750209680879
76440473074388722537799893602404687230922238288182630419521127770642474448937,price_change,a7982dc0714d25078f5dc3ffb6b7b864d6c6a867,0xf1ba2c9ca3a82e4edbc945b7a0b28e43454f01a4804b615307465870466a618f,0.46,ask,27711.43,1750209680879
76440473074388722537799893602404687230922238288182630419521127770642474448937,price_change,4315d880f21f993b6e93933a50fbe88359106501,0xf1ba2c9ca3a82e4edbc945b7a0b28e43454f01a4804b615307465870466a618f,0.45,ask,500,1750209681261
5899348323059455657630528606815138588415095483052205208567031442326527433126,price_change,bf5e038cd690488f055e35bc56723b876771fb2a,0xf1ba2c9ca3a82e4edbc945b7a0b28e43454f01a4804b615307465870466a618f,0.55,bid,500,1750209681261
76440473074388722537799893602404687230922238288182630419521127770642474448937,price_change,1c882f6925c29af82636758e292029f342ced9fd,0xf1ba2c9ca3a82e4edbc945b7a0b28e43454f01a4804b615307465870466a618f,0.44,ask,6814.5,1750209681299
76440473074388722537799893602404687230922238288182630419521127770642474448937,price_change,1c882f6925c29af82636758e292029f342ced9fd,0xf1ba2c9ca3a82e4edbc945b7a0b28e43454f01a4804b615307465870466a618f,0.45,ask,1000,1750209681299
76440473074388722537799893602404687230922238288182630419521127770642474448937,price_change,1c882f6925c29af82636758e292029f342ced9fd,0xf1ba2c9ca3a82e4edbc945b7a0b28e43454f01a4804b615307465870466a618f,0.35,bid,785,1750209681299
5899348323059455657630528606815138588415095483052205208567031442326527433126,price_change,616c4d45eea037f028ce4a35c8891a4cf9e10e6f,0xf1ba2c9ca3a82e4edbc945b7a0b28e43454f01a4804b615307465870466a618f,0.56,bid,6814.5,1750209681299
5899348323059455657630528606815138588415095483052205208567031442326527433126,price_change,616c4d45eea037f028ce4a35c8891a4cf9e10e6f,0xf1ba2c9ca3a82e4edbc945b7a0b28e43454f01a4804b615307465870466a618f,0.55,bid,1000,1750209681299
5899348323059455657630528606815138588415095483052205208567031442326527433126,price_change,616c4d45eea037f028ce4a35c8891a4cf9e10e6f,0xf1ba2c9ca3a82e4edbc945b7a0b28e43454f01a4804b615307465870466a618f,0.65,ask,785,1750209681299
76440473074388722537799893602404687230922238288182630419521127770642474448937,price_change,57c4cca7837ea977dd02dcd5a1a82bbd60537c89,0xf1ba2c9ca3a82e4edbc945b7a0b28e43454f01a4804b615307465870466a618f,0.49,ask,50,1750209681590
5899348323059455657630528606815138588415095483052205208567031442326527433126,price_change,9cdce84ee4d64e3980a28413af1177d872212738,0xf1ba2c9ca3a82e4edbc945b7a0b28e43454f01a4804b615307465870466a618f,0.51,bid,50,1750209681590
76440473074388722537799893602404687230922238288182630419521127770642474448937,price_change,56991cac8421a505dfe6a4fe642df3087de9321b,0xf1ba2c9ca3a82e4edbc945b7a0b28e43454f01a4804b615307465870466a618f,0.4,bid,400,1750209682948
5899348323059455657630528606815138588415095483052205208567031442326527433126,price_change,dca57363c70199899b598ca92a9917ff4de56c41,0xf1ba2c9ca3a82e4edbc945b7a0b28e43454f01a4804b615307465870466a618f,0.6,ask,400,1750209682948
76440473074388722537799893602404687230922238288182630419521127770642474448937,price_change,585e386f15d44ae006a7b28388b131a0dc3367fa,0xf1ba2c9ca3a82e4edbc945b7a0b28e43454f01a4804b615307465870466a618f,0.44,ask,7214.5,1750209682977
5899348323059455657630528606815138588415095483052205208567031442326527433126,price_change,1ce8ab14deff764affeddf41eb3581b9b602dcca,0xf1ba2c9ca3a82e4edbc945b7a0b28e43454f01a4804b615307465870466a618f,0.56,bid,7214.5,1750209682977
76440473074388722537799893602404687230922238288182630419521127770642474448937,price_change,bccf2602acbe9a00985b6f998337a32dcde3c5f2,0xf1ba2c9ca3a82e4edbc945b7a0b28e43454f01a4804b615307465870466a618f,0.37,bid,0,1750209683405
5899348323059455657630528606815138588415095483052205208567031442326527433126,price_change,c96237722983ed925ee2dbddd5b6415dacfb1e9c,0xf1ba2c9ca3a82e4edbc945b7a0b28e43454f01a4804b615307465870466a618f,0.63,ask,0,1750209683405
5899348323059455657630528606815138588415095483052205208567031442326527433126,price_change,1f2ef19db0ce01bb9915d2f81b6344d6624ae77e,0xf1ba2c9ca3a82e4edbc945b7a0b28e43454f01a4804b615307465870466a618f,0.57,bid,850,1750209683531
5899348323059455657630528606815138588415095483052205208567031442326527433126,price_change,1f2ef19db0ce01bb9915d2f81b6344d6624ae77e,0xf1ba2c9ca3a82e4edbc945b7a0b28e43454f01a4804b615307465870466a618f,0.66,ask,8023.09,1750209683531
76440473074388722537799893602404687230922238288182630419521127770642474448937,price_change,d75249b7481b8f6111f521f4a835ea98d9d4b8ac,0xf1ba2c9ca3a82e4edbc945b7a0b28e43454f01a4804b615307465870466a618f,0.43,ask,850,1750209683531
76440473074388722537799893602404687230922238288182630419521127770642474448937,price_change,d75249b7481b8f6111f521f4a835ea98d9d4b8ac,0xf1ba2c9ca3a82e4edbc945b7a0b28e43454f01a4804b615307465870466a618f,0.34,bid,8023.09,1750209683531
76440473074388722537799893602404687230922238288182630419521127770642474448937,price_change,c1d9be3072e6feb46bc9d918b4c7b36f90b161ca,0xf1ba2c9ca3a82e4edbc945b7a0b28e43454f01a4804b615307465870466a618f,0.46,ask,22967,1750209683634
5899348323059455657630528606815138588415095483052205208567031442326527433126,price_change,d31206c553a5f46bc4d614fb75ab84066800b135,0xf1ba2c9ca3a82e4edbc945b7a0b28e43454f01a4804b615307465870466a618f,0.54,bid,22967,1750209683634
5899348323059455657630528606815138588415095483052205208567031442326527433126,price_change,bcf23a11cae945a0d9cd587a89518c0ba3dcf23a,0xf1ba2c9ca3a82e4edbc945b7a0b28e43454f01a4804b615307465870466a618f,0.55,bid,1225.45,1750209683843
76440473074388722537799893602404687230922238288182630419521127770642474448937,price_change,26a93b855c96d8818194dc07aff2dc94e1d961d5,0xf1ba2c9ca3a82e4edbc945b7a0b28e43454f01a4804b615307465870466a618f,0.45,ask,1225.45,1750209683843
5899348323059455657630528606815138588415095483052205208567031442326527433126,price_change,664ccbca4f496972eb1ec7157b9afb12ec446a0c,0xf1ba2c9ca3a82e4edbc945b7a0b28e43454f01a4804b615307465870466a618f,0.55,bid,5716.35,1750209683920
76440473074388722537799893602404687230922238288182630419521127770642474448937,price_change,4c7374b490fc1c96fab5bd459d98ab2011acabd7,0xf1ba2c9ca3a82e4edbc945b7a0b28e43454f01a4804b615307465870466a618f,0.45,ask,5716.35,1750209683920
76440473074388722537799893602404687230922238288182630419521127770642474448937,price_change,47a64b09264ccd26d2c621b5bff16b558c083692,0xf1ba2c9ca3a82e4edbc945b7a0b28e43454f01a4804b615307465870466a618f,0.47,ask,369,1750209684962
76440473074388722537799893602404687230922238288182630419521127770642474448937,price_change,47a64b09264ccd26d2c621b5bff16b558c083692,0xf1ba2c9ca3a82e4edbc945b7a0b28e43454f01a4804b615307465870466a618f,0.32,bid,26523,1750209684962
5899348323059455657630528606815138588415095483052205208567031442326527433126,price_change,8f160b1884e78f3620620bd1eccb1ca8de8cdff2,0xf1ba2c9ca3a82e4edbc945b7a0b28e43454f01a4804b615307465870466a618f,0.53,bid,369,1750209684962
5899348323059455657630528606815138588415095483052205208567031442326527433126,price_change,8f160b1884e78f3620620bd1eccb1ca8de8cdff2,0xf1ba2c9ca3a82e4edbc945b7a0b28e43454f01a4804b615307465870466a618f,0.68,ask,26523,1750209684962
5899348323059455657630528606815138588415095483052205208567031442326527433126,price_change,a807f6dac5a04cb0a223064e0d2f636ca5ac6be7,0xf1ba2c9ca3a82e4edbc945b7a0b28e43454f01a4804b615307465870466a618f,0.65,ask,835,1750209692473
76440473074388722537799893602404687230922238288182630419521127770642474448937,price_change,8c80449bcb951e877b9c68ef729732bcd35a8d9a,0xf1ba2c9ca3a82e4edbc945b7a0b28e43454f01a4804b615307465870466a618f,0.35,bid,835,1750209692473
5899348323059455657630528606815138588415095483052205208567031442326527433126,price_change,2c6666b5ce49d3b209d3403116f205bb53415910,0xf1ba2c9ca3a82e4edbc945b7a0b28e43454f01a4804b615307465870466a618f,0.55,bid,5490.9,1750209692706
76440473074388722537799893602404687230922238288182630419521127770642474448937,price_change,ef4fe56f531f2a0b2e0efac39f3d83a709267636,0xf1ba2c9ca3a82e4edbc945b7a0b28e43454f01a4804b615307465870466a618f,0.45,ask,5490.9,1750209692706
5899348323059455657630528606815138588415095483052205208567031442326527433126,price_change,0b75ae0bec25c12b33f00fd2b393c5bc5a92b02f,0xf1ba2c9ca3a82e4edbc945b7a0b28e43454f01a4804b615307465870466a618f,0.55,bid,1000,1750209692798
5899348323059455657630528606815138588415095483052205208567031442326527433126,price_change,0b75ae0bec25c12b33f00fd2b393c5bc5a92b02f,0xf1ba2c9ca3a82e4edbc945b7a0b28e43454f01a4804b615307465870466a618f,0.64,ask,0,1750209692798
76440473074388722537799893602404687230922238288182630419521127770642474448937,price_change,9252102cde28af3ed7550ea8eea8f3dbfa9be8ab,0xf1ba2c9ca3a82e4edbc945b7a0b28e43454f01a4804b615307465870466a618f,0.45,ask,1000,1750209692798
76440473074388722537799893602404687230922238288182630419521127770642474448937,price_change,9252102cde28af3ed7550ea8eea8f3dbfa9be8ab,0xf1ba2c9ca3a82e4edbc945b7a0b28e43454f01a4804b615307465870466a618f,0.36,bid,0,1750209692798
5899348323059455657630528606815138588415095483052205208567031442326527433126,price_change,6bafcae998a97bff3d7c7a963d9361586d417d0d,0xf1ba2c9ca3a82e4edbc945b7a0b28e43454f01a4804b615307465870466a618f,0.57,bid,6664.5,1750209693006
5899348323059455657630528606815138588415095483052205208567031442326527433126,price_change,6bafcae998a97bff3d7c7a963d9361586d417d0d,0xf1ba2c9ca3a82e4edbc945b7a0b28e43454f01a4804b615307465870466a618f,0.55,bid,5716.35,1750209693006
5899348323059455657630528606815138588415095483052205208567031442326527433126,price_change,6bafcae998a97bff3d7c7a963d9361586d417d0d,0xf1ba2c9ca3a82e4edbc945b7a0b28e43454f01a4804b615307465870466a618f,0.64,ask,158.33,1750209693006
76440473074388722537799893602404687230922238288182630419521127770642474448937,price_change,db153c04afe581419a1865d6582481be31ddc6e7,0xf1ba2c9ca3a82e4edbc945b7a0b28e43454f01a4804b615307465870466a618f,0.43,ask,6664.5,1750209693006
76440473074388722537799893602404687230922238288182630419521127770642474448937,price_change,db153c04afe581419a1865d6582481be31ddc6e7,0xf1ba2c9ca3a82e4edbc945b7a0b28e43454f01a4804b615307465870466a618f,0.45,ask,5716.35,1750209693006
76440473074388722537799893602404687230922238288182630419521127770642474448937,price_change,db153c04afe581419a1865d6582481be31ddc6e7,0xf1ba2c9ca3a82e4edbc945b7a0b28e43454f01a4804b615307465870466a618f,0.36,bid,158.33,1750209693006
76440473074388722537799893602404687230922238288182630419521127770642474448937,price_change,2b0ba659f482badf6e0f363dbf5692aa3d786d3a,0xf1ba2c9ca3a82e4edbc945b7a0b28e43454f01a4804b615307465870466a618f,0.46,ask,0,1750209693081
76440473074388722537799893602404687230922238288182630419521127770642474448937,price_change,2b0ba659f482badf6e0f363dbf5692aa3d786d3a,0xf1ba2c9ca3a82e4edbc945b7a0b28e43454f01a4804b615307465870466a618f,0.36,bid,3297.21,1750209693081
76440473074388722537799893602404687230922238288182630419521127770642474448937,price_change,2b0ba659f482badf6e0f363dbf5692aa3d786d3a,0xf1ba2c9ca3a82e4edbc945b7a0b28e43454f01a4804b615307465870466a618f,0.53,ask,0,1750209693081
5899348323059455657630528606815138588415095483052205208567031442326527433126,price_change,0b39bbf0316f8f3640909febfa65057ac80114b5,0xf1ba2c9ca3a82e4edbc945b7a0b28e43454f01a4804b615307465870466a618f,0.54,bid,0,1750209693081
5899348323059455657630528606815138588415095483052205208567031442326527433126,price_change,0b39bbf0316f8f3640909febfa65057ac80114b5,0xf1ba2c9ca3a82e4edbc945b7a0b28e43454f01a4804b615307465870466a618f,0.64,ask,3297.21,1750209693081
5899348323059455657630528606815138588415095483052205208567031442326527433126,price_change,0b39bbf0316f8f3640909febfa65057ac80114b5,0xf1ba2c9ca3a82e4edbc945b7a0b28e43454f01a4804b615307465870466a618f,0.47,bid,0,1750209693081
5899348323059455657630528606815138588415095483052205208567031442326527433126,price_change,7d7661dde65d8a87d0e09690a3bf9a56ef965554,0xf1ba2c9ca3a82e4edbc945b7a0b28e43454f01a4804b615307465870466a618f,0.68,ask,369,1750209693175
5899348323059455657630528606815138588415095483052205208567031442326527433126,price_change,7d7661dde65d8a87d0e09690a3bf9a56ef965554,0xf1ba2c9ca3a82e4edbc945b7a0b28e43454f01a4804b615307465870466a618f,0.75,ask,0,1750209693175
5899348323059455657630528606815138588415095483052205208567031442326527433126,price_change,7d7661dde65d8a87d0e09690a3bf9a56ef965554,0xf1ba2c9ca3a82e4edbc945b7a0b28e43454f01a4804b615307465870466a618f,0.56,bid,1400,1750209693175
76440473074388722537799893602404687230922238288182630419521127770642474448937,price_change,f29ab44352ed9acab9006cccc496d7e8b662af0f,0xf1ba2c9ca3a82e4edbc945b7a0b28e43454f01a4804b615307465870466a618f,0.32,bid,369,1750209693175
76440473074388722537799893602404687230922238288182630419521127770642474448937,price_change,f29ab44352ed9acab9006cccc496d7e8b662af0f,0xf1ba2c9ca3a82e4edbc945b7a0b28e43454f01a4804b615307465870466a618f,0.25,bid,0,1750209693175
76440473074388722537799893602404687230922238288182630419521127770642474448937,price_change,f29ab44352ed9acab9006cccc496d7e8b662af0f,0xf1ba2c9ca3a82e4edbc945b7a0b28e43454f01a4804b615307465870466a618f,0.44,ask,1400,1750209693175
5899348323059455657630528606815138588415095483052205208567031442326527433126,price_change,c4a9e977d02e15c35c62c8a4012462693c53fd3d,0xf1ba2c9ca3a82e4edbc945b7a0b28e43454f01a4804b615307465870466a618f,0.6,ask,0,1750209693609
5899348323059455657630528606815138588415095483052205208567031442326527433126,price_change,c4a9e977d02e15c35c62c8a4012462693c53fd3d,0xf1ba2c9ca3a82e4edbc945b7a0b28e43454f01a4804b615307465870466a618f,0.56,bid,1000,1750209693609
76440473074388722537799893602404687230922238288182630419521127770642474448937,price_change,ceb54b8c98e2d4af1e6ad31816381dd130585a15,0xf1ba2c9ca3a82e4edbc945b7a0b28e43454f01a4804b615307465870466a618f,0.4,bid,0,1750209693609
76440473074388722537799893602404687230922238288182630419521127770642474448937,price_change,ceb54b8c98e2d4af1e6ad31816381dd130585a15,0xf1ba2c9ca3a82e4edbc945b7a0b28e43454f01a4804b615307465870466a618f,0.44,ask,1000,1750209693609
5899348323059455657630528606815138588415095483052205208567031442326527433126,price_change,577ef442c0148b77ed7bf7eae221cbd502135ade,0xf1ba2c9ca3a82e4edbc945b7a0b28e43454f01a4804b615307465870466a618f,0.56,bid,0,1750209693704
5899348323059455657630528606815138588415095483052205208567031442326527433126,price_change,577ef442c0148b77ed7bf7eae221cbd502135ade,0xf1ba2c9ca3a82e4edbc945b7a0b28e43454f01a4804b615307465870466a618f,0.55,bid,4716.35,1750209693704
76440473074388722537799893602404687230922238288182630419521127770642474448937,price_change,0ff142a9cf6a45c6b2079629802597465ffe52fa,0xf1ba2c9ca3a82e4edbc945b7a0b28e43454f01a4804b615307465870466a618f,0.44,ask,500,1750209693704
76440473074388722537799893602404687230922238288182630419521127770642474448937,price_change,0ff142a9cf6a45c6b2079629802597465ffe52fa,0xf1ba2c9ca3a82e4edbc945b7a0b28e43454f01a4804b615307465870466a618f,0.45,ask,5216.35,1750209693704
76440473074388722537799893602404687230922238288182630419521127770642474448937,price_change,910f12afa421fd987151c1591f31da36f80ae579,0xf1ba2c9ca3a82e4edbc945b7a0b28e43454f01a4804b615307465870466a618f,0.45,ask,4716.35,1750209693808
76440473074388722537799893602404687230922238288182630419521127770642474448937,price_change,910f12afa421fd987151c1591f31da36f80ae579,0xf1ba2c9ca3a82e4edbc945b7a0b28e43454f01a4804b615307465870466a618f,0.44,ask,0,1750209693808
76440473074388722537799893602404687230922238288182630419521127770642474448937,price_change,910f12afa421fd987151c1591f31da36f80ae579,0xf1ba2c9ca3a82e4edbc945b7a0b28e43454f01a4804b615307465870466a618f,0.34,bid,8173.09,1750209693808
76440473074388722537799893602404687230922238288182630419521127770642474448937,price_change,910f12afa421fd987151c1591f31da36f80ae579,0xf1ba2c9ca3a82e4edbc945b7a0b28e43454f01a4804b615307465870466a618f,0.37,bid,15.87,1750209693808
5899348323059455657630528606815138588415095483052205208567031442326527433126,price_change,cc5f80c0c95bc450dcd91ab3898e7b0eb6a3f9df,0xf1ba2c9ca3a82e4edbc945b7a0b28e43454f01a4804b615307465870466a618f,0.55,bid,4716.35,1750209693808
5899348323059455657630528606815138588415095483052205208567031442326527433126,price_change,cc5f80c0c95bc450dcd91ab3898e7b0eb6a3f9df,0xf1ba2c9ca3a82e4edbc945b7a0b28e43454f01a4804b615307465870466a618f,0.56,bid,0,1750209693808
5899348323059455657630528606815138588415095483052205208567031442326527433126,price_change,cc5f80c0c95bc450dcd91ab3898e7b0eb6a3f9df,0xf1ba2c9ca3a82e4edbc945b7a0b28e43454f01a4804b615307465870466a618f,0.66,ask,8173.09,1750209693808
5899348323059455657630528606815138588415095483052205208567031442326527433126,price_change,cc5f80c0c95bc450dcd91ab3898e7b0eb6a3f9df,0xf1ba2c9ca3a82e4edbc945b7a0b28e43454f01a4804b615307465870466a618f,0.63,ask,15.87,1750209693808
76440473074388722537799893602404687230922238288182630419521127770642474448937,price_change,50ff62c66a684c6270fd4896ad9924b9997e07e9,0xf1ba2c9ca3a82e4edbc945b7a0b28e43454f01a4804b615307465870466a618f,0.45,ask,27779.35,1750209693910
76440473074388722537799893602404687230922238288182630419521127770642474448937,price_change,50ff62c66a684c6270fd4896ad9924b9997e07e9,0xf1ba2c9ca3a82e4edbc945b7a0b28e43454f01a4804b615307465870466a618f,0.49,ask,0,1750209693910
76440473074388722537799893602404687230922238288182630419521127770642474448937,price_change,50ff62c66a684c6270fd4896ad9924b9997e07e9,0xf1ba2c9ca3a82e4edbc945b7a0b28e43454f01a4804b615307465870466a618f,0.34,bid,8467.09,1750209693910
5899348323059455657630528606815138588415095483052205208567031442326527433126,price_change,28f8e071e8065e5fbd6e6e6b2574fb733e4524d5,0xf1ba2c9ca3a82e4edbc945b7a0b28e43454f01a4804b615307465870466a618f,0.55,bid,27779.35,1750209693910
5899348323059455657630528606815138588415095483052205208567031442326527433126,price_change,28f8e071e8065e5fbd6e6e6b2574fb733e4524d5,0xf1ba2c9ca3a82e4edbc945b7a0b28e43454f01a4804b615307465870466a618f,0.51,bid,0,1750209693910
5899348323059455657630528606815138588415095483052205208567031442326527433126,price_change,28f8e071e8065e5fbd6e6e6b2574fb733e4524d5,0xf1ba2c9ca3a82e4edbc945b7a0b28e43454f01a4804b615307465870466a618f,0.66,ask,8467.09,1750209693910
76440473074388722537799893602404687230922238288182630419521127770642474448937,price_change,40cc374d3f5932c81d6bc1bde2914511a2281aeb,0xf1ba2c9ca3a82e4edbc945b7a0b28e43454f01a4804b615307465870466a618f,0.42,ask,4491.14,1750209693966
76440473074388722537799893602404687230922238288182630419521127770642474448937,price_change,40cc374d3f5932c81d6bc1bde2914511a2281aeb,0xf1ba2c9ca3a82e4edbc945b7a0b28e43454f01a4804b615307465870466a618f,0.43,ask,6564.5,1750209693966
76440473074388722537799893602404687230922238288182630419521127770642474448937,price_change,40cc374d3f5932c81d6bc1bde2914511a2281aeb,0xf1ba2c9ca3a82e4edbc945b7a0b28e43454f01a4804b615307465870466a618f,0.34,bid,8367.09,1750209693966
76440473074388722537799893602404687230922238288182630419521127770642474448937,price_change,40cc374d3f5932c81d6bc1bde2914511a2281aeb,0xf1ba2c9ca3a82e4edbc945b7a0b28e43454f01a4804b615307465870466a618f,0.52,ask,13722,1750209693966
76440473074388722537799893602404687230922238288182630419521127770642474448937,price_change,40cc374d3f5932c81d6bc1bde2914511a2281aeb,0xf1ba2c9ca3a82e4edbc945b7a0b28e43454f01a4804b615307465870466a618f,0.24,bid,18773,1750209693966
5899348323059455657630528606815138588415095483052205208567031442326527433126,price_change,9b4d9a34adaef7be2aab0113bf384f9520e3da91,0xf1ba2c9ca3a82e4edbc945b7a0b28e43454f01a4804b615307465870466a618f,0.58,bid,4491.14,1750209693966
5899348323059455657630528606815138588415095483052205208567031442326527433126,price_change,9b4d9a34adaef7be2aab0113bf384f9520e3da91,0xf1ba2c9ca3a82e4edbc945b7a0b28e43454f01a4804b615307465870466a618f,0.57,bid,6564.5,1750209693966
5899348323059455657630528606815138588415095483052205208567031442326527433126,price_change,9b4d9a34adaef7be2aab0113bf384f9520e3da91,0xf1ba2c9ca3a82e4edbc945b7a0b28e43454f01a4804b615307465870466a618f,0.66,ask,8367.09,1750209693966
5899348323059455657630528606815138588415095483052205208567031442326527433126,price_change,9b4d9a34adaef7be2aab0113bf384f9520e3da91,0xf1ba2c9ca3a82e4edbc945b7a0b28e43454f01a4804b615307465870466a618f,0.48,bid,13722,1750209693966
5899348323059455657630528606815138588415095483052205208567031442326527433126,price_change,9b4d9a34adaef7be2aab0113bf384f9520e3da91,0xf1ba2c9ca3a82e4edbc945b7a0b28e43454f01a4804b615307465870466a618f,0.76,ask,18773,1750209693966
76440473074388722537799893602404687230922238288182630419521127770642474448937,price_change,984ee97ff63fd904c245e94804acceba9ed548af,0xf1ba2c9ca3a82e4edbc945b7a0b28e43454f01a4804b615307465870466a618f,0.31,bid,26683,1750209694020
5899348323059455657630528606815138588415095483052205208567031442326527433126,price_change,f73378738b578f6ce9b077428c8795d905fee427,0xf1ba2c9ca3a82e4edbc945b7a0b28e43454f01a4804b615307465870466a618f,0.69,ask,26683,1750209694020
5899348323059455657630528606815138588415095483052205208567031442326527433126,price_change,a5c3ea1732babc48fd99f45ad4932bde93b67aea,0xf1ba2c9ca3a82e4edbc945b7a0b28e43454f01a4804b615307465870466a618f,0.58,bid,24491.14,1750209694163
76440473074388722537799893602404687230922238288182630419521127770642474448937,price_change,7b091b2e528a09ba0cbdfb1dcca67bae6a44e3e0,0xf1ba2c9ca3a82e4edbc945b7a0b28e43454f01a4804b615307465870466a618f,0.42,ask,24491.14,1750209694163
76440473074388722537799893602404687230922238288182630419521127770642474448937,price_change,8aaacde878028b910e6b2acc38e7fb2a5f989df9,0xf1ba2c9ca3a82e4edbc945b7a0b28e43454f01a4804b615307465870466a618f,0.36,bid,3799.96,1750209694301
76440473074388722537799893602404687230922238288182630419521127770642474448937,price_change,8aaacde878028b910e6b2acc38e7fb2a5f989df9,0xf1ba2c9ca3a82e4edbc945b7a0b28e43454f01a4804b615307465870466a618f,0.5,ask,0,1750209694301
5899348323059455657630528606815138588415095483052205208567031442326527433126,price_change,49f35aced4cbe34195de8f5f5a6b12d12a1d0271,0xf1ba2c9ca3a82e4edbc945b7a0b28e43454f01a4804b615307465870466a618f,0.64,ask,3799.96,1750209694301
5899348323059455657630528606815138588415095483052205208567031442326527433126,price_change,49f35aced4cbe34195de8f5f5a6b12d12a1d0271,0xf1ba2c9ca3a82e4edbc945b7a0b28e43454f01a4804b615307465870466a618f,0.5,bid,0,1750209694301
5899348323059455657630528606815138588415095483052205208567031442326527433126,price_change,3ac0982ab39eee19ecd0386484b14afc4daea0e2,0xf1ba2c9ca3a82e4edbc945b7a0b28e43454f01a4804b615307465870466a618f,0.67,ask,25814.5,1750209694379
5899348323059455657630528606815138588415095483052205208567031442326527433126,price_change,3ac0982ab39eee19ecd0386484b14afc4daea0e2,0xf1ba2c9ca3a82e4edbc945b7a0b28e43454f01a4804b615307465870466a618f,0.58,bid,20009.14,1750209694379
5899348323059455657630528606815138588415095483052205208567031442326527433126,price_change,3ac0982ab39eee19ecd0386484b14afc4daea0e2,0xf1ba2c9ca3a82e4edbc945b7a0b28e43454f01a4804b615307465870466a618f,0.66,ask,607.82,1750209694379
76440473074388722537799893602404687230922238288182630419521127770642474448937,price_change,f574147ce017a6932b3a8729b9ac9906f22fb96a,0xf1ba2c9ca3a82e4edbc945b7a0b28e43454f01a4804b615307465870466a618f,0.33,bid,25814.5,1750209694379
76440473074388722537799893602404687230922238288182630419521127770642474448937,price_change,f574147ce017a6932b3a8729b9ac9906f22fb96a,0xf1ba2c9ca3a82e4edbc945b7a0b28e43454f01a4804b615307465870466a618f,0.42,ask,20009.14,1750209694379
76440473074388722537799893602404687230922238288182630419521127770642474448937,price_change,f574147ce017a6932b3a8729b9ac9906f22fb96a,0xf1ba2c9ca3a82e4edbc945b7a0b28e43454f01a4804b615307465870466a618f,0.34,bid,607.82,1750209694379
76440473074388722537799893602404687230922238288182630419521127770642474448937,price_change,7e9d2433aae7a0b0939951764e57fd1f3f2ee988,0xf1ba2c9ca3a82e4edbc945b7a0b28e43454f01a4804b615307465870466a618f,0.42,ask,9.14,1750209695789
76440473074388722537799893602404687230922238288182630419521127770642474448937,price_change,7e9d2433aae7a0b0939951764e57fd1f3f2ee988,0xf1ba2c9ca3a82e4edbc945b7a0b28e43454f01a4804b615307465870466a618f,0.33,bid,5814.5,1750209695789
5899348323059455657630528606815138588415095483052205208567031442326527433126,price_change,fe06c8c25d4a928c0a051986cffa52d5a3a85780,0xf1ba2c9ca3a82e4edbc945b7a0b28e43454f01a4804b615307465870466a618f,0.58,bid,9.14,1750209695789
5899348323059455657630528606815138588415095483052205208567031442326527433126,price_change,fe06c8c25d4a928c0a051986cffa52d5a3a85780,0xf1ba2c9ca3a82e4edbc945b7a0b28e43454f01a4804b615307465870466a618f,0.67,ask,5814.5,1750209695789
5899348323059455657630528606815138588415095483052205208567031442326527433126,price_change,16cfd8b2efb83afa058e074f316b7f57edf28e1f,0xf1ba2c9ca3a82e4edbc945b7a0b28e43454f01a4804b615307465870466a618f,0.52,bid,50,1750209696343
76440473074388722537799893602404687230922238288182630419521127770642474448937,price_change,37a5a05046e01b0d0c77cfe4a2fd61814a9434d3,0xf1ba2c9ca3a82e4edbc945b7a0b28e43454f01a4804b615307465870466a618f,0.48,ask,50,1750209696343
5899348323059455657630528606815138588415095483052205208567031442326527433126,price_change,487670eabd656e18e0aa9752583e0da7058d2ed6,0xf1ba2c9ca3a82e4edbc945b7a0b28e43454f01a4804b615307465870466a618f,0.57,bid,7064.5,1750209696464
76440473074388722537799893602404687230922238288182630419521127770642474448937,price_change,9e98bfe7d28a60240449a269263b73ec7e353bb3,0xf1ba2c9ca3a82e4edbc945b7a0b28e43454f01a4804b615307465870466a618f,0.43,ask,7064.5,1750209696464
76440473074388722537799893602404687230922238288182630419521127770642474448937,price_change,4330c65a6365b7096557e238aa45bc60fcd9fad1,0xf1ba2c9ca3a82e4edbc945b7a0b28e43454f01a4804b615307465870466a618f,0.43,ask,7564.5,1750209696571
76440473074388722537799893602404687230922238288182630419521127770642474448937,price_change,4330c65a6365b7096557e238aa45bc60fcd9fad1,0xf1ba2c9ca3a82e4edbc945b7a0b28e43454f01a4804b615307465870466a618f,0.44,ask,1000,1750209696571
5899348323059455657630528606815138588415095483052205208567031442326527433126,price_change,87c9605043180503fbbd30b65767a32718e4d0ab,0xf1ba2c9ca3a82e4edbc945b7a0b28e43454f01a4804b615307465870466a618f,0.57,bid,7564.5,1750209696571
5899348323059455657630528606815138588415095483052205208567031442326527433126,price_change,87c9605043180503fbbd30b65767a32718e4d0ab,0xf1ba2c9ca3a82e4edbc945b7a0b28e43454f01a4804b615307465870466a618f,0.56,bid,1000,1750209696571
76440473074388722537799893602404687230922238288182630419521127770642474448937,price_change,a44d59aeeddb0f75b10b7fd1fc1cd527bd2543d5,0xf1ba2c9ca3a82e4edbc945b7a0b28e43454f01a4804b615307465870466a618f,0.34,bid,457.82,1750209697202
5899348323059455657630528606815138588415095483052205208567031442326527433126,price_change,545c2e7809b5ba89b9df5cf2a677437c6ec08a97,0xf1ba2c9ca3a82e4edbc945b7a0b28e43454f01a4804b615307465870466a618f,0.66,ask,457.82,1750209697202
76440473074388722537799893602404687230922238288182630419521127770642474448937,price_change,496d74cf762068b7dab2ce9a8a6092e4ae691d77,0xf1ba2c9ca3a82e4edbc945b7a0b28e43454f01a4804b615307465870466a618f,0.45,ask,23063,1750209697585
5899348323059455657630528606815138588415095483052205208567031442326527433126,price_change,111093a0e7bce9e4830545feae47494225399862,0xf1ba2c9ca3a82e4edbc945b7a0b28e43454f01a4804b615307465870466a618f,0.55,bid,23063,1750209697585
76440473074388722537799893602404687230922238288182630419521127770642474448937,price_change,d6ae0581b3e30af81d5ef5de8e7d0ac6d6195a96,0xf1ba2c9ca3a82e4edbc945b7a0b28e43454f01a4804b615307465870466a618f,0.44,ask,1230.35,1750209697787
5899348323059455657630528606815138588415095483052205208567031442326527433126,price_change,de9d789f2b8b92bfd394a6a043f142ebedce5af4,0xf1ba2c9ca3a82e4edbc945b7a0b28e43454f01a4804b615307465870466a618f,0.56,bid,1230.35,1750209697787
76440473074388722537799893602404687230922238288182630419521127770642474448937,price_change,fad8c52fbd48121e9967e099b5b7a26e6dcee3c0,0xf1ba2c9ca3a82e4edbc945b7a0b28e43454f01a4804b615307465870466a618f,0.44,ask,5810.7,1750209697871
5899348323059455657630528606815138588415095483052205208567031442326527433126,price_change,c134a4c059c70fcb30dd1bb0f81cce7b4d56d879,0xf1ba2c9ca3a82e4edbc945b7a0b28e43454f01a4804b615307465870466a618f,0.56,bid,5810.7,1750209697871
5899348323059455657630528606815138588415095483052205208567031442326527433126,price_change,825a5aa9fde04f382a60ecd6501a7c5c00526806,0xf1ba2c9ca3a82e4edbc945b7a0b28e43454f01a4804b615307465870466a618f,0.61,ask,400,1750209697958
76440473074388722537799893602404687230922238288182630419521127770642474448937,price_change,3e0218a6024d6c51620b882662405c1d661fee9a,0xf1ba2c9ca3a82e4edbc945b7a0b28e43454f01a4804b615307465870466a618f,0.39,bid,400,1750209697958
5899348323059455657630528606815138588415095483052205208567031442326527433126,price_change,37096e3752f3d5dfd16fc9c14bb316a4b0654628,0xf1ba2c9ca3a82e4edbc945b7a0b28e43454f01a4804b615307465870466a618f,0.51,bid,150,1750209698119
5899348323059455657630528606815138588415095483052205208567031442326527433126,price_change,37096e3752f3d5dfd16fc9c14bb316a4b0654628,0xf1ba2c9ca3a82e4edbc945b7a0b28e43454f01a4804b615307465870466a618f,0.56,bid,6210.7,1750209698119
76440473074388722537799893602404687230922238288182630419521127770642474448937,price_change,ae02e9f95e921bf0b79ca3dc8306d8747b8876c3,0xf1ba2c9ca3a82e4edbc945b7a0b28e43454f01a4804b615307465870466a618f,0.49,ask,150,1750209698119
76440473074388722537799893602404687230922238288182630419521127770642474448937,price_change,ae02e9f95e921bf0b79ca3dc8306d8747b8876c3,0xf1ba2c9ca3a82e4edbc945b7a0b28e43454f01a4804b615307465870466a618f,0.44,ask,6210.7,1750209698119
5899348323059455657630528606815138588415095483052205208567031442326527433126,price_change,ae8db7a2374fea58f950b4be56533cb90b131794,0xf1ba2c9ca3a82e4edbc945b7a0b28e43454f01a4804b615307465870466a618f,0.67,ask,5964.5,1750209698149
76440473074388722537799893602404687230922238288182630419521127770642474448937,price_change,07539d14c7b9920e8d54a6efc6bae3f7ae479c2b,0xf1ba2c9ca3a82e4edbc945b7a0b28e43454f01a4804b615307465870466a618f,0.33,bid,5964.5,1750209698149
5899348323059455657630528606815138588415095483052205208567031442326527433126,price_change,d6f12040ad7b68d93ed65d77fa6c1f746ec70f12,0xf1ba2c9ca3a82e4edbc945b7a0b28e43454f01a4804b615307465870466a618f,0.58,bid,109.14,1750209698420
5899348323059455657630528606815138588415095483052205208567031442326527433126,price_change,d6f12040ad7b68d93ed65d77fa6c1f746ec70f12,0xf1ba2c9ca3a82e4edbc945b7a0b28e43454f01a4804b615307465870466a618f,0.67,ask,6064.5,1750209698420
76440473074388722537799893602404687230922238288182630419521127770642474448937,price_change,b445dafcb5168d84d31ce6c67ae7fdfd58a39cfb,0xf1ba2c9ca3a82e4edbc945b7a0b28e43454f01a4804b615307465870466a618f,0.42,ask,109.14,1750209698420
76440473074388722537799893602404687230922238288182630419521127770642474448937,price_change,b445dafcb5168d84d31ce6c67ae7fdfd58a39cfb,0xf1ba2c9ca3a82e4edbc945b7a0b28e43454f01a4804b615307465870466a618f,0.33,bid,6064.5,1750209698420
5899348323059455657630528606815138588415095483052205208567031442326527433126,price_change,fb7bdaa54b06d3f7f37f9e1909002d856858bbc2,0xf1ba2c9ca3a82e4edbc945b7a0b28e43454f01a4804b615307465870466a618f,0.63,ask,0,1750209698471
76440473074388722537799893602404687230922238288182630419521127770642474448937,price_change,aecf6b1226050bb396f3b34214eb3059c04d887f,0xf1ba2c9ca3a82e4edbc945b7a0b28e43454f01a4804b615307465870466a618f,0.37,bid,0,1750209698471
5899348323059455657630528606815138588415095483052205208567031442326527433126,price_change,c19e579cc6413bc24cb9bbc0e03f22b8d5545e73,0xf1ba2c9ca3a82e4edbc945b7a0b28e43454f01a4804b615307465870466a618f,0.48,bid,0,1750209707646
5899348323059455657630528606815138588415095483052205208567031442326527433126,price_change,c19e579cc6413bc24cb9bbc0e03f22b8d5545e73,0xf1ba2c9ca3a82e4edbc945b7a0b28e43454f01a4804b615307465870466a618f,0.76,ask,0,1750209707646
5899348323059455657630528606815138588415095483052205208567031442326527433126,price_change,c19e579cc6413bc24cb9bbc0e03f22b8d5545e73,0xf1ba2c9ca3a82e4edbc945b7a0b28e43454f01a4804b615307465870466a618f,0.56,bid,1400,1750209707646
5899348323059455657630528606815138588415095483052205208567031442326527433126,price_change,c19e579cc6413bc24cb9bbc0e03f22b8d5545e73,0xf1ba2c9ca3a82e4edbc945b7a0b28e43454f01a4804b615307465870466a618f,0.64,ask,502.75,1750209707646
76440473074388722537799893602404687230922238288182630419521127770642474448937,price_change,55500b693a24711814331c2214382affad061b0c,0xf1ba2c9ca3a82e4edbc945b7a0b28e43454f01a4804b615307465870466a618f,0.52,ask,0,1750209707646
76440473074388722537799893602404687230922238288182630419521127770642474448937,price_change,55500b693a24711814331c2214382affad061b0c,0xf1ba2c9ca3a82e4edbc945b7a0b28e43454f01a4804b615307465870466a618f,0.24,bid,0,1750209707646
76440473074388722537799893602404687230922238288182630419521127770642474448937,price_change,55500b693a24711814331c2214382affad061b0c,0xf1ba2c9ca3a82e4edbc945b7a0b28e43454f01a4804b615307465870466a618f,0.44,ask,1400,1750209707646
76440473074388722537799893602404687230922238288182630419521127770642474448937,price_change,55500b693a24711814331c2214382affad061b0c,0xf1ba2c9ca3a82e4edbc945b7a0b28e43454f01a4804b615307465870466a618f,0.36,bid,502.75,1750209707646
5899348323059455657630528606815138588415095483052205208567031442326527433126,price_change,1f7a3032bdf832bfcd6df60b9d5b36470b4734e3,0xf1ba2c9ca3a82e4edbc945b7a0b28e43454f01a4804b615307465870466a618f,0.55,bid,0,1750209707748
5899348323059455657630528606815138588415095483052205208567031442326527433126,price_change,1f7a3032bdf832bfcd6df60b9d5b36470b4734e3,0xf1ba2c9ca3a82e4edbc945b7a0b28e43454f01a4804b615307465870466a618f,0.69,ask,0,1750209707748
76440473074388722537799893602404687230922238288182630419521127770642474448937,price_change,50303357235156bfd6543af1341ba980d2a848b1,0xf1ba2c9ca3a82e4edbc945b7a0b28e43454f01a4804b615307465870466a618f,0.45,ask,0,1750209707748
76440473074388722537799893602404687230922238288182630419521127770642474448937,price_change,50303357235156bfd6543af1341ba980d2a848b1,0xf1ba2c9ca3a82e4edbc945b7a0b28e43454f01a4804b615307465870466a618f,0.31,bid,0,1750209707748
5899348323059455657630528606815138588415095483052205208567031442326527433126,price_change,ab1634593a01d5f5ad0c2686ee712379c5f419d7,0xf1ba2c9ca3a82e4edbc945b7a0b28e43454f01a4804b615307465870466a618f,0.57,bid,6564.5,1750209707986
5899348323059455657630528606815138588415095483052205208567031442326527433126,price_change,ab1634593a01d5f5ad0c2686ee712379c5f419d7,0xf1ba2c9ca3a82e4edbc945b7a0b28e43454f01a4804b615307465870466a618f,0.56,bid,400,1750209707986
76440473074388722537799893602404687230922238288182630419521127770642474448937,price_change,4121bcacf26e3e5e0dc6d49e5eebe56b6d7cdc6f,0xf1ba2c9ca3a82e4edbc945b7a0b28e43454f01a4804b615307465870466a618f,0.43,ask,6564.5,1750209707986
76440473074388722537799893602404687230922238288182630419521127770642474448937,price_change,4121bcacf26e3e5e0dc6d49e5eebe56b6d7cdc6f,0xf1ba2c9ca3a82e4edbc945b7a0b28e43454f01a4804b615307465870466a618f,0.44,ask,400,1750209707986
76440473074388722537799893602404687230922238288182630419521127770642474448937,price_change,73acc361a7e5e64add1aa7c2fc9e3e92006a19a5,0xf1ba2c9ca3a82e4edbc945b7a0b28e43454f01a4804b615307465870466a618f,0.43,ask,5814.5,1750209708484
76440473074388722537799893602404687230922238288182630419521127770642474448937,price_change,73acc361a7e5e64add1aa7c2fc9e3e92006a19a5,0xf1ba2c9ca3a82e4edbc945b7a0b28e43454f01a4804b615307465870466a618f,0.35,bid,85,1750209708484
5899348323059455657630528606815138588415095483052205208567031442326527433126,price_change,c194de5bb431564715655ecbc80b2f848d89c5c5,0xf1ba2c9ca3a82e4edbc945b7a0b28e43454f01a4804b615307465870466a618f,0.57,bid,5814.5,1750209708484
5899348323059455657630528606815138588415095483052205208567031442326527433126,price_change,c194de5bb431564715655ecbc80b2f848d89c5c5,0xf1ba2c9ca3a82e4edbc945b7a0b28e43454f01a4804b615307465870466a618f,0.65,ask,85,1750209708484
76440473074388722537799893602404687230922238288182630419521127770642474448937,price_change,4b89e630e3ce70ee7146604ed785ac4b4e2ad142,0xf1ba2c9ca3a82e4edbc945b7a0b28e43454f01a4804b615307465870466a618f,0.39,bid,0,1750209708599
5899348323059455657630528606815138588415095483052205208567031442326527433126,price_change,6773042cfea8300387d9783a3af850fd0d072494,0xf1ba2c9ca3a82e4edbc945b7a0b28e43454f01a4804b615307465870466a618f,0.61,ask,0,1750209708599
5899348323059455657630528606815138588415095483052205208567031442326527433126,price_change,3a72210e93ad31725da8c04abba3b79fa87a5a1d,0xf1ba2c9ca3a82e4edbc945b7a0b28e43454f01a4804b615307465870466a618f,0.67,ask,5914.5,1750209708749
5899348323059455657630528606815138588415095483052205208567031442326527433126,price_change,3a72210e93ad31725da8c04abba3b79fa87a5a1d,0xf1ba2c9ca3a82e4edbc945b7a0b28e43454f01a4804b615307465870466a618f,0.56,bid,0,1750209708749
76440473074388722537799893602404687230922238288182630419521127770642474448937,price_change,ec4c31dfe9b97d9290647973f1c30127bc7ecfbd,0xf1ba2c9ca3a82e4edbc945b7a0b28e43454f01a4804b615307465870466a618f,0.33,bid,5914.5,1750209708749
76440473074388722537799893602404687230922238288182630419521127770642474448937,price_change,ec4c31dfe9b97d9290647973f1c30127bc7ecfbd,0xf1ba2c9ca3a82e4edbc945b7a0b28e43454f01a4804b615307465870466a618f,0.44,ask,0,1750209708749
5899348323059455657630528606815138588415095483052205208567031442326527433126,price_change,b11aa8c4526ad2b148b75f86c39589a655788643,0xf1ba2c9ca3a82e4edbc945b7a0b28e43454f01a4804b615307465870466a618f,0.64,ask,0,1750209708814
5899348323059455657630528606815138588415095483052205208567031442326527433126,price_change,b11aa8c4526ad2b148b75f86c39589a655788643,0xf1ba2c9ca3a82e4edbc945b7a0b28e43454f01a4804b615307465870466a618f,0.58,bid,9.14,1750209708814
5899348323059455657630528606815138588415095483052205208567031442326527433126,price_change,b11aa8c4526ad2b148b75f86c39589a655788643,0xf1ba2c9ca3a82e4edbc945b7a0b28e43454f01a4804b615307465870466a618f,0.67,ask,5814.5,1750209708814
76440473074388722537799893602404687230922238288182630419521127770642474448937,price_change,d0ad8b7b58229cf6ec4245146d32e61c2a845b0f,0xf1ba2c9ca3a82e4edbc945b7a0b28e43454f01a4804b615307465870466a618f,0.36,bid,0,1750209708814
76440473074388722537799893602404687230922238288182630419521127770642474448937,price_change,d0ad8b7b58229cf6ec4245146d32e61c2a845b0f,0xf1ba2c9ca3a82e4edbc945b7a0b28e43454f01a4804b615307465870466a618f,0.42,ask,9.14,1750209708814
76440473074388722537799893602404687230922238288182630419521127770642474448937,price_change,d0ad8b7b58229cf6ec4245146d32e61c2a845b0f,0xf1ba2c9ca3a82e4edbc945b7a0b28e43454f01a4804b615307465870466a618f,0.33,bid,5814.5,1750209708814
76440473074388722537799893602404687230922238288182630419521127770642474448937,price_change,5f5ca2bb610eb5355341527d31e360ae04f8ec22,0xf1ba2c9ca3a82e4edbc945b7a0b28e43454f01a4804b615307465870466a618f,0.37,bid,15.87,1750209708890
5899348323059455657630528606815138588415095483052205208567031442326527433126,price_change,6a61b5317fabba13ab5eb20659ce0d8447eb4dd6,0xf1ba2c9ca3a82e4edbc945b7a0b28e43454f01a4804b615307465870466a618f,0.63,ask,15.87,1750209708890
76440473074388722537799893602404687230922238288182630419521127770642474448937,price_change,6df4ff82880a8063ba2c41e97d29a0f2dc841da4,0xf1ba2c9ca3a82e4edbc945b7a0b28e43454f01a4804b615307465870466a618f,0.35,bid,185,1750209709173
5899348323059455657630528606815138588415095483052205208567031442326527433126,price_change,a99448fb31acf7cafd700664d47bb134e76bf8bd,0xf1ba2c9ca3a82e4edbc945b7a0b28e43454f01a4804b615307465870466a618f,0.65,ask,185,1750209709173
5899348323059455657630528606815138588415095483052205208567031442326527433126,price_change,21882c6d5e47e1a6ccca7121a93bf731d327465f,0xf1ba2c9ca3a82e4edbc945b7a0b28e43454f01a4804b615307465870466a618f,0.67,ask,0,1750209709202
5899348323059455657630528606815138588415095483052205208567031442326527433126,price_change,21882c6d5e47e1a6ccca7121a93bf731d327465f,0xf1ba2c9ca3a82e4edbc945b7a0b28e43454f01a4804b615307465870466a618f,0.57,bid,0,1750209709202
5899348323059455657630528606815138588415095483052205208567031442326527433126,price_change,21882c6d5e47e1a6ccca7121a93bf731d327465f,0xf1ba2c9ca3a82e4edbc945b7a0b28e43454f01a4804b615307465870466a618f,0.66,ask,0,1750209709202
76440473074388722537799893602404687230922238288182630419521127770642474448937,price_change,5b8431c3ec5903f812d7c68eb468b4f3c8d59b97,0xf1ba2c9ca3a82e4edbc945b7a0b28e43454f01a4804b615307465870466a618f,0.33,bid,0,1750209709202
76440473074388722537799893602404687230922238288182630419521127770642474448937,price_change,5b8431c3ec5903f812d7c68eb468b4f3c8d59b97,0xf1ba2c9ca3a82e4edbc945b7a0b28e43454f01a4804b615307465870466a618f,0.43,ask,0,1750209709202
76440473074388722537799893602404687230922238288182630419521127770642474448937,price_change,5b8431c3ec5903f812d7c68eb468b4f3c8d59b97,0xf1ba2c9ca3a82e4edbc945b7a0b28e43454f01a4804b615307465870466a618f,0.34,bid,0,1750209709202
5899348323059455657630528606815138588415095483052205208567031442326527433126,price_change,9f872f9a410cffa8685af454bfcf547c6be25b84,0xf1ba2c9ca3a82e4edbc945b7a0b28e43454f01a4804b615307465870466a618f,0.63,ask,0,1750209709429
76440473074388722537799893602404687230922238288182630419521127770642474448937,price_change,7b4bbb7a789e51e2723c1fb99d1f5dc33773018c,0xf1ba2c9ca3a82e4edbc945b7a0b28e43454f01a4804b615307465870466a618f,0.37,bid,0,1750209709429
5899348323059455657630528606815138588415095483052205208567031442326527433126,price_change,00d7b5cd1e8c19458e8c8f60218d60e4b4297634,0xf1ba2c9ca3a82e4edbc945b7a0b28e43454f01a4804b615307465870466a618f,0.65,ask,135,1750209709503
76440473074388722537799893602404687230922238288182630419521127770642474448937,price_change,47deedd0de95fc6e678b37b3eed52246e992b070,0xf1ba2c9ca3a82e4edbc945b7a0b28e43454f01a4804b615307465870466a618f,0.35,bid,135,1750209709503
5899348323059455657630528606815138588415095483052205208567031442326527433126,price_change,b2dc6b4a59a4a51679697a7829c1aeb29588aadd,0xf1ba2c9ca3a82e4edbc945b7a0b28e43454f01a4804b615307465870466a618f,0.67,ask,150,1750209709700
76440473074388722537799893602404687230922238288182630419521127770642474448937,price_change,03cf923aaad52e29505584f8489ce49cbf8321da,0xf1ba2c9ca3a82e4edbc945b7a0b28e43454f01a4804b615307465870466a618f,0.33,bid,150,1750209709700
5899348323059455657630528606815138588415095483052205208567031442326527433126,price_change,f2a3c85e3c7c2f03239055a52ccae47c31669d9b,0xf1ba2c9ca3a82e4edbc945b7a0b28e43454f01a4804b615307465870466a618f,0.73,ask,50,1750209709810
76440473074388722537799893602404687230922238288182630419521127770642474448937,price_change,14b89a7d5ddf68cb6237c4a8ac1fd21241604e4b,0xf1ba2c9ca3a82e4edbc945b7a0b28e43454f01a4804b615307465870466a618f,0.27,bid,50,1750209709810
5899348323059455657630528606815138588415095483052205208567031442326527433126,price_change,3ab74ce257ecdd8ece30715d8fea92240a94af81,0xf1ba2c9ca3a82e4edbc945b7a0b28e43454f01a4804b615307465870466a618f,0.58,bid,0,1750209710065
5899348323059455657630528606815138588415095483052205208567031442326527433126,price_change,3ab74ce257ecdd8ece30715d8fea92240a94af81,0xf1ba2c9ca3a82e4edbc945b7a0b28e43454f01a4804b615307465870466a618f,0.67,ask,0,1750209710065
76440473074388722537799893602404687230922238288182630419521127770642474448937,price_change,73f672009bf3cedab10e2fb53ba4541988867637,0xf1ba2c9ca3a82e4edbc945b7a0b28e43454f01a4804b615307465870466a618f,0.42,ask,0,1750209710065
76440473074388722537799893602404687230922238288182630419521127770642474448937,price_change,73f672009bf3cedab10e2fb53ba4541988867637,0xf1ba2c9ca3a82e4edbc945b7a0b28e43454f01a4804b615307465870466a618f,0.33,bid,0,1750209710065
5899348323059455657630528606815138588415095483052205208567031442326527433126,price_change,07c28494457f8ca45526ac565a2b7abb0e898836,0xf1ba2c9ca3a82e4edbc945b7a0b28e43454f01a4804b615307465870466a618f,0.65,ask,35,1750209710494
76440473074388722537799893602404687230922238288182630419521127770642474448937,price_change,eb00b1e1651d994f350fd30be737c660766984b2,0xf1ba2c9ca3a82e4edbc945b7a0b28e43454f01a4804b615307465870466a618f,0.35,bid,35,1750209710494
5899348323059455657630528606815138588415095483052205208567031442326527433126,price_change,4893e29e3086189cc9a479452ae180cf23a6bd12,0xf1ba2c9ca3a82e4edbc945b7a0b28e43454f01a4804b615307465870466a618f,0.53,bid,0,1750209711482
5899348323059455657630528606815138588415095483052205208567031442326527433126,price_change,4893e29e3086189cc9a479452ae180cf23a6bd12,0xf1ba2c9ca3a82e4edbc945b7a0b28e43454f01a4804b615307465870466a618f,0.73,ask,0,1750209711482
5899348323059455657630528606815138588415095483052205208567031442326527433126,price_change,4893e29e3086189cc9a479452ae180cf23a6bd12,0xf1ba2c9ca3a82e4edbc945b7a0b28e43454f01a4804b615307465870466a618f,0.68,ask,0,1750209711482
76440473074388722537799893602404687230922238288182630419521127770642474448937,price_change,3aa7319a4bf5c3b971fd92a56c628d3333f06c0a,0xf1ba2c9ca3a82e4edbc945b7a0b28e43454f01a4804b615307465870466a618f,0.47,ask,0,1750209711482
76440473074388722537799893602404687230922238288182630419521127770642474448937,price_change,3aa7319a4bf5c3b971fd92a56c628d3333f06c0a,0xf1ba2c9ca3a82e4edbc945b7a0b28e43454f01a4804b615307465870466a618f,0.27,bid,0,1750209711482
76440473074388722537799893602404687230922238288182630419521127770642474448937,price_change,3aa7319a4bf5c3b971fd92a56c628d3333f06c0a,0xf1ba2c9ca3a82e4edbc945b7a0b28e43454f01a4804b615307465870466a618f,0.32,bid,0,1750209711482
5899348323059455657630528606815138588415095483052205208567031442326527433126,price_change,e8ba10c3ef700537a3d56418352056dd08404447,0xf1ba2c9ca3a82e4edbc945b7a0b28e43454f01a4804b615307465870466a618f,0.52,bid,0,1750209713602
