asset_id, event_type, hash, market, price, side, size, timestamp
76440473074388722537799893602404687230922238288182630419521127770642474448937,book,9537d937e4e131c0688b957183e8cb5dbf2a9028,0xf1ba2c9ca3a82e4edbc945b7a0b28e43454f01a4804b615307465870466a618f,0.99,ask,2000,1750205358013
76440473074388722537799893602404687230922238288182630419521127770642474448937,book,9537d937e4e131c0688b957183e8cb5dbf2a9028,0xf1ba2c9ca3a82e4edbc945b7a0b28e43454f01a4804b615307465870466a618f,0.98,ask,1500,1750205358013
76440473074388722537799893602404687230922238288182630419521127770642474448937,book,9537d937e4e131c0688b957183e8cb5dbf2a9028,0xf1ba2c9ca3a82e4edbc945b7a0b28e43454f01a4804b615307465870466a618f,0.97,ask,350,1750205358013
76440473074388722537799893602404687230922238288182630419521127770642474448937,book,9537d937e4e131c0688b957183e8cb5dbf2a9028,0xf1ba2c9ca3a82e4edbc945b7a0b28e43454f01a4804b615307465870466a618f,0.96,ask,250,1750205358013
76440473074388722537799893602404687230922238288182630419521127770642474448937,book,9537d937e4e131c0688b957183e8cb5dbf2a9028,0xf1ba2c9ca3a82e4edbc945b7a0b28e43454f01a4804b615307465870466a618f,0.95,ask,100,1750205358013
76440473074388722537799893602404687230922238288182630419521127770642474448937,book,9537d937e4e131c0688b957183e8cb5dbf2a9028,0xf1ba2c9ca3a82e4edbc945b7a0b28e43454f01a4804b615307465870466a618f,0.94,ask,146,1750205358013
76440473074388722537799893602404687230922238288182630419521127770642474448937,book,9537d937e4e131c0688b957183e8cb5dbf2a9028,0xf1ba2c9ca3a82e4edbc945b7a0b28e43454f01a4804b615307465870466a618f,0.76,ask,150,1750205358013
76440473074388722537799893602404687230922238288182630419521127770642474448937,book,9537d937e4e131c0688b957183e8cb5dbf2a9028,0xf1ba2c9ca3a82e4edbc945b7a0b28e43454f01a4804b615307465870466a618f,0.01,bid,2000,1750205358013
76440473074388722537799893602404687230922238288182630419521127770642474448937,book,9537d937e4e131c0688b957183e8cb5dbf2a9028,0xf1ba2c9ca3a82e4edbc945b7a0b28e43454f01a4804b615307465870466a618f,0.02,bid,1520,1750205358013
76440473074388722537799893602404687230922238288182630419521127770642474448937,book,9537d937e4e131c0688b957183e8cb5dbf2a9028,0xf1ba2c9ca3a82e4edbc945b7a0b28e43454f01a4804b615307465870466a618f,0.03,bid,350,1750205358013
76440473074388722537799893602404687230922238288182630419521127770642474448937,book,9537d937e4e131c0688b957183e8cb5dbf2a9028,0xf1ba2c9ca3a82e4edbc945b7a0b28e43454f01a4804b615307465870466a618f,0.04,bid,250,1750205358013
76440473074388722537799893602404687230922238288182630419521127770642474448937,book,9537d937e4e131c0688b957183e8cb5dbf2a9028,0xf1ba2c9ca3a82e4edbc945b7a0b28e43454f01a4804b615307465870466a618f,0.05,bid,250,1750205358013
5899348323059455657630528606815138588415095483052205208567031442326527433126,book,a4827c7a1ae618d0af2578eda72b2714833171a9,0xf1ba2c9ca3a82e4edbc945b7a0b28e43454f01a4804b615307465870466a618f,0.99,ask,2000,1750205358013
5899348323059455657630528606815138588415095483052205208567031442326527433126,book,a4827c7a1ae618d0af2578eda72b2714833171a9,0xf1ba2c9ca3a82e4edbc945b7a0b28e43454f01a4804b615307465870466a618f,0.98,ask,1520,1750205358013
5899348323059455657630528606815138588415095483052205208567031442326527433126,book,a4827c7a1ae618d0af2578eda72b2714833171a9,0xf1ba2c9ca3a82e4edbc945b7a0b28e43454f01a4804b615307465870466a618f,0.97,ask,350,1750205358013
5899348323059455657630528606815138588415095483052205208567031442326527433126,book,a4827c7a1ae618d0af2578eda72b2714833171a9,0xf1ba2c9ca3a82e4edbc945b7a0b28e43454f01a4804b615307465870466a618f,0.96,ask,250,1750205358013
5899348323059455657630528606815138588415095483052205208567031442326527433126,book,a4827c7a1ae618d0af2578eda72b2714833171a9,0xf1ba2c9ca3a82e4edbc945b7a0b28e43454f01a4804b615307465870466a618f,0.95,ask,250,1750205358013
5899348323059455657630528606815138588415095483052205208567031442326527433126,book,a4827c7a1ae618d0af2578eda72b2714833171a9,0xf1ba2c9ca3a82e4edbc945b7a0b28e43454f01a4804b615307465870466a618f,0.01,bid,2000,1750205358013
5899348323059455657630528606815138588415095483052205208567031442326527433126,book,a4827c7a1ae618d0af2578eda72b2714833171a9,0xf1ba2c9ca3a82e4edbc945b7a0b28e43454f01a4804b615307465870466a618f,0.02,bid,1500,1750205358013
5899348323059455657630528606815138588415095483052205208567031442326527433126,book,a4827c7a1ae618d0af2578eda72b2714833171a9,0xf1ba2c9ca3a82e4edbc945b7a0b28e43454f01a4804b615307465870466a618f,0.03,bid,350,1750205358013
5899348323059455657630528606815138588415095483052205208567031442326527433126,book,a4827c7a1ae618d0af2578eda72b2714833171a9,0xf1ba2c9ca3a82e4edbc945b7a0b28e43454f01a4804b615307465870466a618f,0.04,bid,250,1750205358013
5899348323059455657630528606815138588415095483052205208567031442326527433126,book,a4827c7a1ae618d0af2578eda72b2714833171a9,0xf1ba2c9ca3a82e4edbc945b7a0b28e43454f01a4804b615307465870466a618f,0.05,bid,100,1750205358013
5899348323059455657630528606815138588415095483052205208567031442326527433126,book,a4827c7a1ae618d0af2578eda72b2714833171a9,0xf1ba2c9ca3a82e4edbc945b7a0b28e43454f01a4804b615307465870466a618f,0.06,bid,146,1750205358013
5899348323059455657630528606815138588415095483052205208567031442326527433126,book,a4827c7a1ae618d0af2578eda72b2714833171a9,0xf1ba2c9ca3a82e4edbc945b7a0b28e43454f01a4804b615307465870466a618f,0.24,bid,150,1750205358013
5899348323059455657630528606815138588415095483052205208567031442326527433126,price_change,92326cc3bf8d895f0800f0cf108073c44be2bf80,0xf1ba2c9ca3a82e4edbc945b7a0b28e43454f01a4804b615307465870466a618f,0.94,ask,47949.99,1750205364398
5899348323059455657630528606815138588415095483052205208567031442326527433126,price_change,92326cc3bf8d895f0800f0cf108073c44be2bf80,0xf1ba2c9ca3a82e4edbc945b7a0b28e43454f01a4804b615307465870466a618f,0.25,bid,5528,1750205364398
76440473074388722537799893602404687230922238288182630419521127770642474448937,price_change,8ccaa7c75dc0d3dc78d878c99c72e1fabf6c2528,0xf1ba2c9ca3a82e4edbc945b7a0b28e43454f01a4804b615307465870466a618f,0.06,bid,47949.99,1750205364398
76440473074388722537799893602404687230922238288182630419521127770642474448937,price_change,8ccaa7c75dc0d3dc78d878c99c72e1fabf6c2528,0xf1ba2c9ca3a82e4edbc945b7a0b28e43454f01a4804b615307465870466a618f,0.75,ask,5528,1750205364398
76440473074388722537799893602404687230922238288182630419521127770642474448937,price_change,6c4e87e5a0c5816f3b4598c1394626fb9fd6a56a,0xf1ba2c9ca3a82e4edbc945b7a0b28e43454f01a4804b615307465870466a618f,0.65,ask,5814.5,1750205364484
76440473074388722537799893602404687230922238288182630419521127770642474448937,price_change,6c4e87e5a0c5816f3b4598c1394626fb9fd6a56a,0xf1ba2c9ca3a82e4edbc945b7a0b28e43454f01a4804b615307465870466a618f,0.54,bid,5814.5,1750205364484
76440473074388722537799893602404687230922238288182630419521127770642474448937,price_change,6c4e87e5a0c5816f3b4598c1394626fb9fd6a56a,0xf1ba2c9ca3a82e4edbc945b7a0b28e43454f01a4804b615307465870466a618f,0.55,bid,522.08,1750205364484
5899348323059455657630528606815138588415095483052205208567031442326527433126,price_change,e28c3971e4b76b755b8d70ccb666df8430f8bef8,0xf1ba2c9ca3a82e4edbc945b7a0b28e43454f01a4804b615307465870466a618f,0.35,bid,5814.5,1750205364484
5899348323059455657630528606815138588415095483052205208567031442326527433126,price_change,e28c3971e4b76b755b8d70ccb666df8430f8bef8,0xf1ba2c9ca3a82e4edbc945b7a0b28e43454f01a4804b615307465870466a618f,0.46,ask,5814.5,1750205364484
5899348323059455657630528606815138588415095483052205208567031442326527433126,price_change,e28c3971e4b76b755b8d70ccb666df8430f8bef8,0xf1ba2c9ca3a82e4edbc945b7a0b28e43454f01a4804b615307465870466a618f,0.45,ask,522.08,1750205364484
76440473074388722537799893602404687230922238288182630419521127770642474448937,price_change,1c343780a905f20d6703339912acdcfbf9975faa,0xf1ba2c9ca3a82e4edbc945b7a0b28e43454f01a4804b615307465870466a618f,0.76,ask,0,1750205364778
76440473074388722537799893602404687230922238288182630419521127770642474448937,price_change,1c343780a905f20d6703339912acdcfbf9975faa,0xf1ba2c9ca3a82e4edbc945b7a0b28e43454f01a4804b615307465870466a618f,0.73,ask,17568,1750205364778
5899348323059455657630528606815138588415095483052205208567031442326527433126,price_change,a62cdadfc8b6a39d80071438447d47002f4ade66,0xf1ba2c9ca3a82e4edbc945b7a0b28e43454f01a4804b615307465870466a618f,0.24,bid,0,1750205364778
5899348323059455657630528606815138588415095483052205208567031442326527433126,price_change,a62cdadfc8b6a39d80071438447d47002f4ade66,0xf1ba2c9ca3a82e4edbc945b7a0b28e43454f01a4804b615307465870466a618f,0.27,bid,17568,1750205364778
76440473074388722537799893602404687230922238288182630419521127770642474448937,price_change,7c0a8d966d665614e5a9f927bf5d9966bcfe5cea,0xf1ba2c9ca3a82e4edbc945b7a0b28e43454f01a4804b615307465870466a618f,0.45,bid,13814,1750205364896
76440473074388722537799893602404687230922238288182630419521127770642474448937,price_change,7c0a8d966d665614e5a9f927bf5d9966bcfe5cea,0xf1ba2c9ca3a82e4edbc945b7a0b28e43454f01a4804b615307465870466a618f,0.66,ask,25609,1750205364896
76440473074388722537799893602404687230922238288182630419521127770642474448937,price_change,7c0a8d966d665614e5a9f927bf5d9966bcfe5cea,0xf1ba2c9ca3a82e4edbc945b7a0b28e43454f01a4804b615307465870466a618f,0.52,bid,22888,1750205364896
76440473074388722537799893602404687230922238288182630419521127770642474448937,price_change,7c0a8d966d665614e5a9f927bf5d9966bcfe5cea,0xf1ba2c9ca3a82e4edbc945b7a0b28e43454f01a4804b615307465870466a618f,0.31,bid,50,1750205364896
5899348323059455657630528606815138588415095483052205208567031442326527433126,price_change,28847967d46dbc735815fd98cddd24d47c06978f,0xf1ba2c9ca3a82e4edbc945b7a0b28e43454f01a4804b615307465870466a618f,0.55,ask,13814,1750205364896
5899348323059455657630528606815138588415095483052205208567031442326527433126,price_change,28847967d46dbc735815fd98cddd24d47c06978f,0xf1ba2c9ca3a82e4edbc945b7a0b28e43454f01a4804b615307465870466a618f,0.34,bid,25609,1750205364896
5899348323059455657630528606815138588415095483052205208567031442326527433126,price_change,28847967d46dbc735815fd98cddd24d47c06978f,0xf1ba2c9ca3a82e4edbc945b7a0b28e43454f01a4804b615307465870466a618f,0.48,ask,22888,1750205364896
5899348323059455657630528606815138588415095483052205208567031442326527433126,price_change,28847967d46dbc735815fd98cddd24d47c06978f,0xf1ba2c9ca3a82e4edbc945b7a0b28e43454f01a4804b615307465870466a618f,0.69,ask,50,1750205364896
5899348323059455657630528606815138588415095483052205208567031442326527433126,price_change,ff0983ce8433c8a0b05ca395f2d6133da4836010,0xf1ba2c9ca3a82e4edbc945b7a0b28e43454f01a4804b615307465870466a618f,0.94,ask,2283.33,1750205365720
5899348323059455657630528606815138588415095483052205208567031442326527433126,price_change,ff0983ce8433c8a0b05ca395f2d6133da4836010,0xf1ba2c9ca3a82e4edbc945b7a0b28e43454f01a4804b615307465870466a618f,0.25,bid,264,1750205365720
76440473074388722537799893602404687230922238288182630419521127770642474448937,price_change,7973ef6be13b0fa862a557f40b7602f3a212f761,0xf1ba2c9ca3a82e4edbc945b7a0b28e43454f01a4804b615307465870466a618f,0.06,bid,2283.33,1750205365720
76440473074388722537799893602404687230922238288182630419521127770642474448937,price_change,7973ef6be13b0fa862a557f40b7602f3a212f761,0xf1ba2c9ca3a82e4edbc945b7a0b28e43454f01a4804b615307465870466a618f,0.75,ask,264,1750205365720
76440473074388722537799893602404687230922238288182630419521127770642474448937,price_change,662088040876de38701cfdc380b7be1151484fdc,0xf1ba2c9ca3a82e4edbc945b7a0b28e43454f01a4804b615307465870466a618f,0.06,bid,0,1750205365750
76440473074388722537799893602404687230922238288182630419521127770642474448937,price_change,662088040876de38701cfdc380b7be1151484fdc,0xf1ba2c9ca3a82e4edbc945b7a0b28e43454f01a4804b615307465870466a618f,0.75,ask,0,1750205365750
5899348323059455657630528606815138588415095483052205208567031442326527433126,price_change,b9cd6c3607643102c05d1dfe5a50a67df3d219bd,0xf1ba2c9ca3a82e4edbc945b7a0b28e43454f01a4804b615307465870466a618f,0.94,ask,0,1750205365750
5899348323059455657630528606815138588415095483052205208567031442326527433126,price_change,b9cd6c3607643102c05d1dfe5a50a67df3d219bd,0xf1ba2c9ca3a82e4edbc945b7a0b28e43454f01a4804b615307465870466a618f,0.25,bid,0,1750205365750
76440473074388722537799893602404687230922238288182630419521127770642474448937,price_change,4a2a0e30d431728053344f2d8d2ef157713a6bbb,0xf1ba2c9ca3a82e4edbc945b7a0b28e43454f01a4804b615307465870466a618f,0.56,bid,4762.5,1750205365953
76440473074388722537799893602404687230922238288182630419521127770642474448937,price_change,4a2a0e30d431728053344f2d8d2ef157713a6bbb,0xf1ba2c9ca3a82e4edbc945b7a0b28e43454f01a4804b615307465870466a618f,0.64,ask,3655.55,1750205365953
5899348323059455657630528606815138588415095483052205208567031442326527433126,price_change,e556a2603c4df1f71c178048cca3a3b286ec4a62,0xf1ba2c9ca3a82e4edbc945b7a0b28e43454f01a4804b615307465870466a618f,0.44,ask,4762.5,1750205365953
5899348323059455657630528606815138588415095483052205208567031442326527433126,price_change,e556a2603c4df1f71c178048cca3a3b286ec4a62,0xf1ba2c9ca3a82e4edbc945b7a0b28e43454f01a4804b615307465870466a618f,0.36,bid,3655.55,1750205365953
5899348323059455657630528606815138588415095483052205208567031442326527433126,price_change,0fd1a129a3f7d91ca3d60cf93d6a3c46bfc400f5,0xf1ba2c9ca3a82e4edbc945b7a0b28e43454f01a4804b615307465870466a618f,0.36,bid,3838.88,1750205366079
5899348323059455657630528606815138588415095483052205208567031442326527433126,price_change,0fd1a129a3f7d91ca3d60cf93d6a3c46bfc400f5,0xf1ba2c9ca3a82e4edbc945b7a0b28e43454f01a4804b615307465870466a618f,0.44,ask,5001.78,1750205366079
76440473074388722537799893602404687230922238288182630419521127770642474448937,price_change,bcd4ac2d3ae9d13ff334531eae0be4d0c0d49862,0xf1ba2c9ca3a82e4edbc945b7a0b28e43454f01a4804b615307465870466a618f,0.64,ask,3838.88,1750205366079
76440473074388722537799893602404687230922238288182630419521127770642474448937,price_change,bcd4ac2d3ae9d13ff334531eae0be4d0c0d49862,0xf1ba2c9ca3a82e4edbc945b7a0b28e43454f01a4804b615307465870466a618f,0.56,bid,5001.78,1750205366079
76440473074388722537799893602404687230922238288182630419521127770642474448937,price_change,6f4ced8ece11ca84ae80bd87f48ae27205a8d34c,0xf1ba2c9ca3a82e4edbc945b7a0b28e43454f01a4804b615307465870466a618f,0.74,ask,50,1750205366342
5899348323059455657630528606815138588415095483052205208567031442326527433126,price_change,eeb8016f9c162f0e6cb4a833f485a1a981ad8204,0xf1ba2c9ca3a82e4edbc945b7a0b28e43454f01a4804b615307465870466a618f,0.26,bid,50,1750205366342
5899348323059455657630528606815138588415095483052205208567031442326527433126,price_change,9ff69350c70502f29a714b82bdee74c4f0b16d69,0xf1ba2c9ca3a82e4edbc945b7a0b28e43454f01a4804b615307465870466a618f,0.26,bid,0,1750205367098
76440473074388722537799893602404687230922238288182630419521127770642474448937,price_change,0c4ff5a4f2757cb8901c52b37c5cf4c17e227a0b,0xf1ba2c9ca3a82e4edbc945b7a0b28e43454f01a4804b615307465870466a618f,0.74,ask,0,1750205367098
5899348323059455657630528606815138588415095483052205208567031442326527433126,price_change,be08463fce49b55a1856266fc24f71a3711fdf17,0xf1ba2c9ca3a82e4edbc945b7a0b28e43454f01a4804b615307465870466a618f,0.36,bid,183.33,1750205367317
76440473074388722537799893602404687230922238288182630419521127770642474448937,price_change,7a3cf940831ec2e4c8d424008ecffc135452c7c1,0xf1ba2c9ca3a82e4edbc945b7a0b28e43454f01a4804b615307465870466a618f,0.64,ask,183.33,1750205367317
5899348323059455657630528606815138588415095483052205208567031442326527433126,price_change,a0e98b848bf74a8cc58c15e01f627ba6e23d1e58,0xf1ba2c9ca3a82e4edbc945b7a0b28e43454f01a4804b615307465870466a618f,0.36,bid,0,1750205367409
76440473074388722537799893602404687230922238288182630419521127770642474448937,price_change,bde3782ce860ec6b0df6427abbdb0472c159656c,0xf1ba2c9ca3a82e4edbc945b7a0b28e43454f01a4804b615307465870466a618f,0.64,ask,0,1750205367409
5899348323059455657630528606815138588415095483052205208567031442326527433126,price_change,d2427555e3211ccaf696526898acedfb14574e2e,0xf1ba2c9ca3a82e4edbc945b7a0b28e43454f01a4804b615307465870466a618f,0.37,bid,3510.81,1750205367532
76440473074388722537799893602404687230922238288182630419521127770642474448937,price_change,4b52adebf7c65ca32d85d545bdc1465a9b6f34b4,0xf1ba2c9ca3a82e4edbc945b7a0b28e43454f01a4804b615307465870466a618f,0.63,ask,3510.81,1750205367532
5899348323059455657630528606815138588415095483052205208567031442326527433126,price_change,1fb536f30926b98907b3779aa8c3ff5620509f7c,0xf1ba2c9ca3a82e4edbc945b7a0b28e43454f01a4804b615307465870466a618f,0.69,ask,0,1750205367602
76440473074388722537799893602404687230922238288182630419521127770642474448937,price_change,4307ec588ef726f95f4b5d9b06a82228c2db68e1,0xf1ba2c9ca3a82e4edbc945b7a0b28e43454f01a4804b615307465870466a618f,0.31,bid,0,1750205367602
5899348323059455657630528606815138588415095483052205208567031442326527433126,price_change,a199a2c3d507edc24d5ec00bb2a20392245324f8,0xf1ba2c9ca3a82e4edbc945b7a0b28e43454f01a4804b615307465870466a618f,0.36,bid,163.88,1750205367639
76440473074388722537799893602404687230922238288182630419521127770642474448937,price_change,dc4ebc30309c3b82456471a9a7a89dadcaacdba5,0xf1ba2c9ca3a82e4edbc945b7a0b28e43454f01a4804b615307465870466a618f,0.64,ask,163.88,1750205367639
5899348323059455657630528606815138588415095483052205208567031442326527433126,price_change,a269f5506825019e2610a140b6b53e3314e4ff54,0xf1ba2c9ca3a82e4edbc945b7a0b28e43454f01a4804b615307465870466a618f,0.44,ask,0,1750205367927
76440473074388722537799893602404687230922238288182630419521127770642474448937,price_change,f3f61114a258a0e9945f4892abdb32e73065ced3,0xf1ba2c9ca3a82e4edbc945b7a0b28e43454f01a4804b615307465870466a618f,0.56,bid,0,1750205367927
76440473074388722537799893602404687230922238288182630419521127770642474448937,price_change,872a2fc948f9dd24376e0509c64f4dcd472422f3,0xf1ba2c9ca3a82e4edbc945b7a0b28e43454f01a4804b615307465870466a618f,0.71,ask,50,1750205367995
76440473074388722537799893602404687230922238288182630419521127770642474448937,price_change,872a2fc948f9dd24376e0509c64f4dcd472422f3,0xf1ba2c9ca3a82e4edbc945b7a0b28e43454f01a4804b615307465870466a618f,0.16,bid,150,1750205367995
5899348323059455657630528606815138588415095483052205208567031442326527433126,price_change,57ceb81ce98dade8fce015f627f711c4aca0e58a,0xf1ba2c9ca3a82e4edbc945b7a0b28e43454f01a4804b615307465870466a618f,0.29,bid,50,1750205367995
5899348323059455657630528606815138588415095483052205208567031442326527433126,price_change,57ceb81ce98dade8fce015f627f711c4aca0e58a,0xf1ba2c9ca3a82e4edbc945b7a0b28e43454f01a4804b615307465870466a618f,0.84,ask,150,1750205367995
76440473074388722537799893602404687230922238288182630419521127770642474448937,price_change,3b3485e7896506500fc12d92f89277e464e97525,0xf1ba2c9ca3a82e4edbc945b7a0b28e43454f01a4804b615307465870466a618f,0.31,bid,50,1750205368119
5899348323059455657630528606815138588415095483052205208567031442326527433126,price_change,f9e9deb930a15b1bd4820a184723bde07ddf2d90,0xf1ba2c9ca3a82e4edbc945b7a0b28e43454f01a4804b615307465870466a618f,0.69,ask,50,1750205368119
5899348323059455657630528606815138588415095483052205208567031442326527433126,price_change,d2b443fe8d3f2e641bb3874c5e1badb4fdc9bd21,0xf1ba2c9ca3a82e4edbc945b7a0b28e43454f01a4804b615307465870466a618f,0.46,ask,10501.53,1750205368194
76440473074388722537799893602404687230922238288182630419521127770642474448937,price_change,cc76144e37e9ef14ef7ac87f797ae4a3ddc8f739,0xf1ba2c9ca3a82e4edbc945b7a0b28e43454f01a4804b615307465870466a618f,0.54,bid,10501.53,1750205368194
5899348323059455657630528606815138588415095483052205208567031442326527433126,price_change,2f7dbf936f5544e5ce6e7a0b0850519aac249bc7,0xf1ba2c9ca3a82e4edbc945b7a0b28e43454f01a4804b615307465870466a618f,0.84,ask,0,1750205368387
76440473074388722537799893602404687230922238288182630419521127770642474448937,price_change,1b41de4dfb14b7dc1d1b144860b2f1926b19d32f,0xf1ba2c9ca3a82e4edbc945b7a0b28e43454f01a4804b615307465870466a618f,0.16,bid,0,1750205368387
5899348323059455657630528606815138588415095483052205208567031442326527433126,price_change,d2a149083198cbdae5b3864f4434ee760a641d1e,0xf1ba2c9ca3a82e4edbc945b7a0b28e43454f01a4804b615307465870466a618f,0.37,bid,4010.81,1750205368529
76440473074388722537799893602404687230922238288182630419521127770642474448937,price_change,5130e48e6457561c1724068b71d718ee5dd1aca6,0xf1ba2c9ca3a82e4edbc945b7a0b28e43454f01a4804b615307465870466a618f,0.63,ask,4010.81,1750205368529
5899348323059455657630528606815138588415095483052205208567031442326527433126,price_change,86ebdb4df1e9cb6ed212a11680bcadaa5ace5472,0xf1ba2c9ca3a82e4edbc945b7a0b28e43454f01a4804b615307465870466a618f,0.41,ask,913,1750205368568
5899348323059455657630528606815138588415095483052205208567031442326527433126,price_change,86ebdb4df1e9cb6ed212a11680bcadaa5ace5472,0xf1ba2c9ca3a82e4edbc945b7a0b28e43454f01a4804b615307465870466a618f,0.37,bid,4510.81,1750205368568
5899348323059455657630528606815138588415095483052205208567031442326527433126,price_change,86ebdb4df1e9cb6ed212a11680bcadaa5ace5472,0xf1ba2c9ca3a82e4edbc945b7a0b28e43454f01a4804b615307465870466a618f,0.42,ask,500,1750205368568
5899348323059455657630528606815138588415095483052205208567031442326527433126,price_change,86ebdb4df1e9cb6ed212a11680bcadaa5ace5472,0xf1ba2c9ca3a82e4edbc945b7a0b28e43454f01a4804b615307465870466a618f,0.36,bid,869.88,1750205368568
76440473074388722537799893602404687230922238288182630419521127770642474448937,price_change,88ecba2fc8341486e9eeee24715022df3a335645,0xf1ba2c9ca3a82e4edbc945b7a0b28e43454f01a4804b615307465870466a618f,0.59,bid,913,1750205368568
76440473074388722537799893602404687230922238288182630419521127770642474448937,price_change,88ecba2fc8341486e9eeee24715022df3a335645,0xf1ba2c9ca3a82e4edbc945b7a0b28e43454f01a4804b615307465870466a618f,0.63,ask,4510.81,1750205368568
76440473074388722537799893602404687230922238288182630419521127770642474448937,price_change,88ecba2fc8341486e9eeee24715022df3a335645,0xf1ba2c9ca3a82e4edbc945b7a0b28e43454f01a4804b615307465870466a618f,0.58,bid,500,1750205368568
76440473074388722537799893602404687230922238288182630419521127770642474448937,price_change,88ecba2fc8341486e9eeee24715022df3a335645,0xf1ba2c9ca3a82e4edbc945b7a0b28e43454f01a4804b615307465870466a618f,0.64,ask,869.88,1750205368568
5899348323059455657630528606815138588415095483052205208567031442326527433126,price_change,80ec2c4d6c76c1cae88c6c5660172fe02d2510d0,0xf1ba2c9ca3a82e4edbc945b7a0b28e43454f01a4804b615307465870466a618f,0.37,bid,1000,1750205368914
76440473074388722537799893602404687230922238288182630419521127770642474448937,price_change,da640bcdde0ea21d26435d619bce05ca0b329aea,0xf1ba2c9ca3a82e4edbc945b7a0b28e43454f01a4804b615307465870466a618f,0.63,ask,1000,1750205368914
76440473074388722537799893602404687230922238288182630419521127770642474448937,price_change,3b5e861eb0f9b37153bb1451a9e9861784120894,0xf1ba2c9ca3a82e4edbc945b7a0b28e43454f01a4804b615307465870466a618f,0.64,ask,18008.88,1750205369136
76440473074388722537799893602404687230922238288182630419521127770642474448937,price_change,3b5e861eb0f9b37153bb1451a9e9861784120894,0xf1ba2c9ca3a82e4edbc945b7a0b28e43454f01a4804b615307465870466a618f,0.56,bid,8929,1750205369136
5899348323059455657630528606815138588415095483052205208567031442326527433126,price_change,c17b7896bb894fc29f1afc1ca14cc5e5b48dc258,0xf1ba2c9ca3a82e4edbc945b7a0b28e43454f01a4804b615307465870466a618f,0.36,bid,18008.88,1750205369136
5899348323059455657630528606815138588415095483052205208567031442326527433126,price_change,c17b7896bb894fc29f1afc1ca14cc5e5b48dc258,0xf1ba2c9ca3a82e4edbc945b7a0b28e43454f01a4804b615307465870466a618f,0.44,ask,8929,1750205369136
5899348323059455657630528606815138588415095483052205208567031442326527433126,price_change,819cb7bc551e352cd3ea001ea58445ed5cc8b343,0xf1ba2c9ca3a82e4edbc945b7a0b28e43454f01a4804b615307465870466a618f,0.36,bid,38008.88,1750205369152
5899348323059455657630528606815138588415095483052205208567031442326527433126,price_change,819cb7bc551e352cd3ea001ea58445ed5cc8b343,0xf1ba2c9ca3a82e4edbc945b7a0b28e43454f01a4804b615307465870466a618f,0.69,ask,0,1750205369152
5899348323059455657630528606815138588415095483052205208567031442326527433126,price_change,819cb7bc551e352cd3ea001ea58445ed5cc8b343,0xf1ba2c9ca3a82e4edbc945b7a0b28e43454f01a4804b615307465870466a618f,0.45,ask,20522.08,1750205369152
76440473074388722537799893602404687230922238288182630419521127770642474448937,price_change,b642e6cb35f9759e1da5172cabc9cbc8c6aaa7a4,0xf1ba2c9ca3a82e4edbc945b7a0b28e43454f01a4804b615307465870466a618f,0.64,ask,38008.88,1750205369152
76440473074388722537799893602404687230922238288182630419521127770642474448937,price_change,b642e6cb35f9759e1da5172cabc9cbc8c6aaa7a4,0xf1ba2c9ca3a82e4edbc945b7a0b28e43454f01a4804b615307465870466a618f,0.31,bid,0,1750205369152
76440473074388722537799893602404687230922238288182630419521127770642474448937,price_change,b642e6cb35f9759e1da5172cabc9cbc8c6aaa7a4,0xf1ba2c9ca3a82e4edbc945b7a0b28e43454f01a4804b615307465870466a618f,0.55,bid,20522.08,1750205369152
76440473074388722537799893602404687230922238288182630419521127770642474448937,price_change,f04f4c04f8581454acbe2c174da502a68cbdb931,0xf1ba2c9ca3a82e4edbc945b7a0b28e43454f01a4804b615307465870466a618f,0.71,ask,0,1750205369475
5899348323059455657630528606815138588415095483052205208567031442326527433126,price_change,fd98f17526c61efb8cc7f1b62c141470447b15a7,0xf1ba2c9ca3a82e4edbc945b7a0b28e43454f01a4804b615307465870466a618f,0.29,bid,0,1750205369475
76440473074388722537799893602404687230922238288182630419521127770642474448937,price_change,ac3d4cf5153f827f796433021a03414658d30059,0xf1ba2c9ca3a82e4edbc945b7a0b28e43454f01a4804b615307465870466a618f,0.62,ask,3884,1750205369571
5899348323059455657630528606815138588415095483052205208567031442326527433126,price_change,124eae65dfef6a4e77d057dd654e983a1f60afb4,0xf1ba2c9ca3a82e4edbc945b7a0b28e43454f01a4804b615307465870466a618f,0.38,bid,3884,1750205369571
76440473074388722537799893602404687230922238288182630419521127770642474448937,price_change,0f1ce7c2f9cae41a06b62e7609ab4412bbdbf6c3,0xf1ba2c9ca3a82e4edbc945b7a0b28e43454f01a4804b615307465870466a618f,0.64,ask,37845,1750205369931
5899348323059455657630528606815138588415095483052205208567031442326527433126,price_change,daa93e4cd5381170bf7c5bfd2b79a2edc16fc014,0xf1ba2c9ca3a82e4edbc945b7a0b28e43454f01a4804b615307465870466a618f,0.36,bid,37845,1750205369931
5899348323059455657630528606815138588415095483052205208567031442326527433126,price_change,35890950f030212d4bab9e40b682e6a0dfa737f6,0xf1ba2c9ca3a82e4edbc945b7a0b28e43454f01a4804b615307465870466a618f,0.37,bid,1164.86,1750205370148
76440473074388722537799893602404687230922238288182630419521127770642474448937,price_change,4ca8943d83441aac1317090830727fc2ccb78930,0xf1ba2c9ca3a82e4edbc945b7a0b28e43454f01a4804b615307465870466a618f,0.63,ask,1164.86,1750205370148
76440473074388722537799893602404687230922238288182630419521127770642474448937,price_change,17a8b779ceb988d70b3f40fbbff23359c02d036a,0xf1ba2c9ca3a82e4edbc945b7a0b28e43454f01a4804b615307465870466a618f,0.64,ask,34595,1750205370484
5899348323059455657630528606815138588415095483052205208567031442326527433126,price_change,09eb3c85daffe5af8b5edb7498344113e70cc734,0xf1ba2c9ca3a82e4edbc945b7a0b28e43454f01a4804b615307465870466a618f,0.36,bid,34595,1750205370484
76440473074388722537799893602404687230922238288182630419521127770642474448937,price_change,e97a0c6a01095e74abf61b8e209bf85703610331,0xf1ba2c9ca3a82e4edbc945b7a0b28e43454f01a4804b615307465870466a618f,0.64,ask,14595,1750205370588
76440473074388722537799893602404687230922238288182630419521127770642474448937,price_change,e97a0c6a01095e74abf61b8e209bf85703610331,0xf1ba2c9ca3a82e4edbc945b7a0b28e43454f01a4804b615307465870466a618f,0.55,bid,522.08,1750205370588
5899348323059455657630528606815138588415095483052205208567031442326527433126,price_change,09543b35f531e6f9dabd95d724e8e5e7db20a538,0xf1ba2c9ca3a82e4edbc945b7a0b28e43454f01a4804b615307465870466a618f,0.36,bid,14595,1750205370588
5899348323059455657630528606815138588415095483052205208567031442326527433126,price_change,09543b35f531e6f9dabd95d724e8e5e7db20a538,0xf1ba2c9ca3a82e4edbc945b7a0b28e43454f01a4804b615307465870466a618f,0.45,ask,522.08,1750205370588
5899348323059455657630528606815138588415095483052205208567031442326527433126,price_change,d06eee00be10d04a4de6b100fe4cd00e28c71a40,0xf1ba2c9ca3a82e4edbc945b7a0b28e43454f01a4804b615307465870466a618f,0.37,bid,4443.23,1750205370708
76440473074388722537799893602404687230922238288182630419521127770642474448937,price_change,0d96e9eabad6c9869fd4cebe25aee8b61238055e,0xf1ba2c9ca3a82e4edbc945b7a0b28e43454f01a4804b615307465870466a618f,0.63,ask,4443.23,1750205370708
76440473074388722537799893602404687230922238288182630419521127770642474448937,price_change,0ab419cdc93a3a01e1f58dcf6f636cc4cc1de5de,0xf1ba2c9ca3a82e4edbc945b7a0b28e43454f01a4804b615307465870466a618f,0.54,bid,10551.53,1750205371408
76440473074388722537799893602404687230922238288182630419521127770642474448937,price_change,0ab419cdc93a3a01e1f58dcf6f636cc4cc1de5de,0xf1ba2c9ca3a82e4edbc945b7a0b28e43454f01a4804b615307465870466a618f,0.67,ask,50,1750205371408
5899348323059455657630528606815138588415095483052205208567031442326527433126,price_change,cb58e0f9f85ca6e493ea7e2b2ac12d33f83fb3f8,0xf1ba2c9ca3a82e4edbc945b7a0b28e43454f01a4804b615307465870466a618f,0.46,ask,10551.53,1750205371408
5899348323059455657630528606815138588415095483052205208567031442326527433126,price_change,cb58e0f9f85ca6e493ea7e2b2ac12d33f83fb3f8,0xf1ba2c9ca3a82e4edbc945b7a0b28e43454f01a4804b615307465870466a618f,0.33,bid,50,1750205371408
5899348323059455657630528606815138588415095483052205208567031442326527433126,book,a3e5bd2ad0c6f6dedb4366e2d4d28616314b45d2,0xf1ba2c9ca3a82e4edbc945b7a0b28e43454f01a4804b615307465870466a618f,0.99,ask,2000,1750205442101
5899348323059455657630528606815138588415095483052205208567031442326527433126,book,a3e5bd2ad0c6f6dedb4366e2d4d28616314b45d2,0xf1ba2c9ca3a82e4edbc945b7a0b28e43454f01a4804b615307465870466a618f,0.98,ask,1520,1750205442101
5899348323059455657630528606815138588415095483052205208567031442326527433126,book,a3e5bd2ad0c6f6dedb4366e2d4d28616314b45d2,0xf1ba2c9ca3a82e4edbc945b7a0b28e43454f01a4804b615307465870466a618f,0.97,ask,350,1750205442101
5899348323059455657630528606815138588415095483052205208567031442326527433126,book,a3e5bd2ad0c6f6dedb4366e2d4d28616314b45d2,0xf1ba2c9ca3a82e4edbc945b7a0b28e43454f01a4804b615307465870466a618f,0.96,ask,250,1750205442101
5899348323059455657630528606815138588415095483052205208567031442326527433126,book,a3e5bd2ad0c6f6dedb4366e2d4d28616314b45d2,0xf1ba2c9ca3a82e4edbc945b7a0b28e43454f01a4804b615307465870466a618f,0.95,ask,250,1750205442101
5899348323059455657630528606815138588415095483052205208567031442326527433126,book,a3e5bd2ad0c6f6dedb4366e2d4d28616314b45d2,0xf1ba2c9ca3a82e4edbc945b7a0b28e43454f01a4804b615307465870466a618f,0.55,ask,13814,1750205442101
5899348323059455657630528606815138588415095483052205208567031442326527433126,book,a3e5bd2ad0c6f6dedb4366e2d4d28616314b45d2,0xf1ba2c9ca3a82e4edbc945b7a0b28e43454f01a4804b615307465870466a618f,0.48,ask,22888,1750205442101
5899348323059455657630528606815138588415095483052205208567031442326527433126,book,a3e5bd2ad0c6f6dedb4366e2d4d28616314b45d2,0xf1ba2c9ca3a82e4edbc945b7a0b28e43454f01a4804b615307465870466a618f,0.47,ask,369,1750205442101
5899348323059455657630528606815138588415095483052205208567031442326527433126,book,a3e5bd2ad0c6f6dedb4366e2d4d28616314b45d2,0xf1ba2c9ca3a82e4edbc945b7a0b28e43454f01a4804b615307465870466a618f,0.46,ask,5914.5,1750205442101
5899348323059455657630528606815138588415095483052205208567031442326527433126,book,a3e5bd2ad0c6f6dedb4366e2d4d28616314b45d2,0xf1ba2c9ca3a82e4edbc945b7a0b28e43454f01a4804b615307465870466a618f,0.45,ask,522.08,1750205442101
5899348323059455657630528606815138588415095483052205208567031442326527433126,book,a3e5bd2ad0c6f6dedb4366e2d4d28616314b45d2,0xf1ba2c9ca3a82e4edbc945b7a0b28e43454f01a4804b615307465870466a618f,0.44,ask,4700,1750205442101
5899348323059455657630528606815138588415095483052205208567031442326527433126,book,a3e5bd2ad0c6f6dedb4366e2d4d28616314b45d2,0xf1ba2c9ca3a82e4edbc945b7a0b28e43454f01a4804b615307465870466a618f,0.43,ask,900,1750205442101
5899348323059455657630528606815138588415095483052205208567031442326527433126,book,a3e5bd2ad0c6f6dedb4366e2d4d28616314b45d2,0xf1ba2c9ca3a82e4edbc945b7a0b28e43454f01a4804b615307465870466a618f,0.42,ask,913,1750205442101
5899348323059455657630528606815138588415095483052205208567031442326527433126,book,a3e5bd2ad0c6f6dedb4366e2d4d28616314b45d2,0xf1ba2c9ca3a82e4edbc945b7a0b28e43454f01a4804b615307465870466a618f,0.41,ask,34.75,1750205442101
5899348323059455657630528606815138588415095483052205208567031442326527433126,book,a3e5bd2ad0c6f6dedb4366e2d4d28616314b45d2,0xf1ba2c9ca3a82e4edbc945b7a0b28e43454f01a4804b615307465870466a618f,0.01,bid,2000,1750205442101
5899348323059455657630528606815138588415095483052205208567031442326527433126,book,a3e5bd2ad0c6f6dedb4366e2d4d28616314b45d2,0xf1ba2c9ca3a82e4edbc945b7a0b28e43454f01a4804b615307465870466a618f,0.02,bid,1500,1750205442101
5899348323059455657630528606815138588415095483052205208567031442326527433126,book,a3e5bd2ad0c6f6dedb4366e2d4d28616314b45d2,0xf1ba2c9ca3a82e4edbc945b7a0b28e43454f01a4804b615307465870466a618f,0.03,bid,350,1750205442101
5899348323059455657630528606815138588415095483052205208567031442326527433126,book,a3e5bd2ad0c6f6dedb4366e2d4d28616314b45d2,0xf1ba2c9ca3a82e4edbc945b7a0b28e43454f01a4804b615307465870466a618f,0.04,bid,250,1750205442101
5899348323059455657630528606815138588415095483052205208567031442326527433126,book,a3e5bd2ad0c6f6dedb4366e2d4d28616314b45d2,0xf1ba2c9ca3a82e4edbc945b7a0b28e43454f01a4804b615307465870466a618f,0.05,bid,100,1750205442101
5899348323059455657630528606815138588415095483052205208567031442326527433126,book,a3e5bd2ad0c6f6dedb4366e2d4d28616314b45d2,0xf1ba2c9ca3a82e4edbc945b7a0b28e43454f01a4804b615307465870466a618f,0.27,bid,17568,1750205442101
5899348323059455657630528606815138588415095483052205208567031442326527433126,book,a3e5bd2ad0c6f6dedb4366e2d4d28616314b45d2,0xf1ba2c9ca3a82e4edbc945b7a0b28e43454f01a4804b615307465870466a618f,0.32,bid,519,1750205442101
5899348323059455657630528606815138588415095483052205208567031442326527433126,book,a3e5bd2ad0c6f6dedb4366e2d4d28616314b45d2,0xf1ba2c9ca3a82e4edbc945b7a0b28e43454f01a4804b615307465870466a618f,0.33,bid,50,1750205442101
5899348323059455657630528606815138588415095483052205208567031442326527433126,book,a3e5bd2ad0c6f6dedb4366e2d4d28616314b45d2,0xf1ba2c9ca3a82e4edbc945b7a0b28e43454f01a4804b615307465870466a618f,0.34,bid,25609,1750205442101
5899348323059455657630528606815138588415095483052205208567031442326527433126,book,a3e5bd2ad0c6f6dedb4366e2d4d28616314b45d2,0xf1ba2c9ca3a82e4edbc945b7a0b28e43454f01a4804b615307465870466a618f,0.35,bid,5814.5,1750205442101
5899348323059455657630528606815138588415095483052205208567031442326527433126,book,a3e5bd2ad0c6f6dedb4366e2d4d28616314b45d2,0xf1ba2c9ca3a82e4edbc945b7a0b28e43454f01a4804b615307465870466a618f,0.37,bid,806,1750205442101
5899348323059455657630528606815138588415095483052205208567031442326527433126,book,a3e5bd2ad0c6f6dedb4366e2d4d28616314b45d2,0xf1ba2c9ca3a82e4edbc945b7a0b28e43454f01a4804b615307465870466a618f,0.38,bid,5299.24,1750205442101
76440473074388722537799893602404687230922238288182630419521127770642474448937,book,d7e57071f8895e435d2cc0bea054d336fcb6a92c,0xf1ba2c9ca3a82e4edbc945b7a0b28e43454f01a4804b615307465870466a618f,0.99,ask,2000,1750205442101
76440473074388722537799893602404687230922238288182630419521127770642474448937,book,d7e57071f8895e435d2cc0bea054d336fcb6a92c,0xf1ba2c9ca3a82e4edbc945b7a0b28e43454f01a4804b615307465870466a618f,0.98,ask,1500,1750205442101
76440473074388722537799893602404687230922238288182630419521127770642474448937,book,d7e57071f8895e435d2cc0bea054d336fcb6a92c,0xf1ba2c9ca3a82e4edbc945b7a0b28e43454f01a4804b615307465870466a618f,0.97,ask,350,1750205442101
76440473074388722537799893602404687230922238288182630419521127770642474448937,book,d7e57071f8895e435d2cc0bea054d336fcb6a92c,0xf1ba2c9ca3a82e4edbc945b7a0b28e43454f01a4804b615307465870466a618f,0.96,ask,250,1750205442101
76440473074388722537799893602404687230922238288182630419521127770642474448937,book,d7e57071f8895e435d2cc0bea054d336fcb6a92c,0xf1ba2c9ca3a82e4edbc945b7a0b28e43454f01a4804b615307465870466a618f,0.95,ask,100,1750205442101
76440473074388722537799893602404687230922238288182630419521127770642474448937,book,d7e57071f8895e435d2cc0bea054d336fcb6a92c,0xf1ba2c9ca3a82e4edbc945b7a0b28e43454f01a4804b615307465870466a618f,0.73,ask,17568,1750205442101
76440473074388722537799893602404687230922238288182630419521127770642474448937,book,d7e57071f8895e435d2cc0bea054d336fcb6a92c,0xf1ba2c9ca3a82e4edbc945b7a0b28e43454f01a4804b615307465870466a618f,0.68,ask,519,1750205442101
76440473074388722537799893602404687230922238288182630419521127770642474448937,book,d7e57071f8895e435d2cc0bea054d336fcb6a92c,0xf1ba2c9ca3a82e4edbc945b7a0b28e43454f01a4804b615307465870466a618f,0.67,ask,50,1750205442101
76440473074388722537799893602404687230922238288182630419521127770642474448937,book,d7e57071f8895e435d2cc0bea054d336fcb6a92c,0xf1ba2c9ca3a82e4edbc945b7a0b28e43454f01a4804b615307465870466a618f,0.66,ask,25609,1750205442101
76440473074388722537799893602404687230922238288182630419521127770642474448937,book,d7e57071f8895e435d2cc0bea054d336fcb6a92c,0xf1ba2c9ca3a82e4edbc945b7a0b28e43454f01a4804b615307465870466a618f,0.65,ask,5814.5,1750205442101
76440473074388722537799893602404687230922238288182630419521127770642474448937,book,d7e57071f8895e435d2cc0bea054d336fcb6a92c,0xf1ba2c9ca3a82e4edbc945b7a0b28e43454f01a4804b615307465870466a618f,0.63,ask,806,1750205442101
76440473074388722537799893602404687230922238288182630419521127770642474448937,book,d7e57071f8895e435d2cc0bea054d336fcb6a92c,0xf1ba2c9ca3a82e4edbc945b7a0b28e43454f01a4804b615307465870466a618f,0.62,ask,5299.24,1750205442101
76440473074388722537799893602404687230922238288182630419521127770642474448937,book,d7e57071f8895e435d2cc0bea054d336fcb6a92c,0xf1ba2c9ca3a82e4edbc945b7a0b28e43454f01a4804b615307465870466a618f,0.01,bid,2000,1750205442101
76440473074388722537799893602404687230922238288182630419521127770642474448937,book,d7e57071f8895e435d2cc0bea054d336fcb6a92c,0xf1ba2c9ca3a82e4edbc945b7a0b28e43454f01a4804b615307465870466a618f,0.02,bid,1520,1750205442101
76440473074388722537799893602404687230922238288182630419521127770642474448937,book,d7e57071f8895e435d2cc0bea054d336fcb6a92c,0xf1ba2c9ca3a82e4edbc945b7a0b28e43454f01a4804b615307465870466a618f,0.03,bid,350,1750205442101
76440473074388722537799893602404687230922238288182630419521127770642474448937,book,d7e57071f8895e435d2cc0bea054d336fcb6a92c,0xf1ba2c9ca3a82e4edbc945b7a0b28e43454f01a4804b615307465870466a618f,0.04,bid,250,1750205442101
76440473074388722537799893602404687230922238288182630419521127770642474448937,book,d7e57071f8895e435d2cc0bea054d336fcb6a92c,0xf1ba2c9ca3a82e4edbc945b7a0b28e43454f01a4804b615307465870466a618f,0.05,bid,250,1750205442101
76440473074388722537799893602404687230922238288182630419521127770642474448937,book,d7e57071f8895e435d2cc0bea054d336fcb6a92c,0xf1ba2c9ca3a82e4edbc945b7a0b28e43454f01a4804b615307465870466a618f,0.45,bid,13814,1750205442101
76440473074388722537799893602404687230922238288182630419521127770642474448937,book,d7e57071f8895e435d2cc0bea054d336fcb6a92c,0xf1ba2c9ca3a82e4edbc945b7a0b28e43454f01a4804b615307465870466a618f,0.52,bid,22888,1750205442101
76440473074388722537799893602404687230922238288182630419521127770642474448937,book,d7e57071f8895e435d2cc0bea054d336fcb6a92c,0xf1ba2c9ca3a82e4edbc945b7a0b28e43454f01a4804b615307465870466a618f,0.53,bid,369,1750205442101
76440473074388722537799893602404687230922238288182630419521127770642474448937,book,d7e57071f8895e435d2cc0bea054d336fcb6a92c,0xf1ba2c9ca3a82e4edbc945b7a0b28e43454f01a4804b615307465870466a618f,0.54,bid,5914.5,1750205442101
76440473074388722537799893602404687230922238288182630419521127770642474448937,book,d7e57071f8895e435d2cc0bea054d336fcb6a92c,0xf1ba2c9ca3a82e4edbc945b7a0b28e43454f01a4804b615307465870466a618f,0.55,bid,522.08,1750205442101
76440473074388722537799893602404687230922238288182630419521127770642474448937,book,d7e57071f8895e435d2cc0bea054d336fcb6a92c,0xf1ba2c9ca3a82e4edbc945b7a0b28e43454f01a4804b615307465870466a618f,0.56,bid,4700,1750205442101
76440473074388722537799893602404687230922238288182630419521127770642474448937,book,d7e57071f8895e435d2cc0bea054d336fcb6a92c,0xf1ba2c9ca3a82e4edbc945b7a0b28e43454f01a4804b615307465870466a618f,0.57,bid,900,1750205442101
76440473074388722537799893602404687230922238288182630419521127770642474448937,book,d7e57071f8895e435d2cc0bea054d336fcb6a92c,0xf1ba2c9ca3a82e4edbc945b7a0b28e43454f01a4804b615307465870466a618f,0.58,bid,913,1750205442101
76440473074388722537799893602404687230922238288182630419521127770642474448937,book,d7e57071f8895e435d2cc0bea054d336fcb6a92c,0xf1ba2c9ca3a82e4edbc945b7a0b28e43454f01a4804b615307465870466a618f,0.59,bid,34.75,1750205442101
5899348323059455657630528606815138588415095483052205208567031442326527433126,price_change,4bf30d80349a3452471393619c30b02dbb0d4f0c,0xf1ba2c9ca3a82e4edbc945b7a0b28e43454f01a4804b615307465870466a618f,0.36,bid,3175,1750205442184
76440473074388722537799893602404687230922238288182630419521127770642474448937,price_change,cc07b8645e32e22edfa88fd0cfe4e1679af44387,0xf1ba2c9ca3a82e4edbc945b7a0b28e43454f01a4804b615307465870466a618f,0.64,ask,3175,1750205442184
5899348323059455657630528606815138588415095483052205208567031442326527433126,price_change,f1180e7fd41f21119690e33fcc9f33e4517514bb,0xf1ba2c9ca3a82e4edbc945b7a0b28e43454f01a4804b615307465870466a618f,0.44,ask,4930.35,1750205442255
5899348323059455657630528606815138588415095483052205208567031442326527433126,price_change,f1180e7fd41f21119690e33fcc9f33e4517514bb,0xf1ba2c9ca3a82e4edbc945b7a0b28e43454f01a4804b615307465870466a618f,0.36,bid,3336.11,1750205442255
76440473074388722537799893602404687230922238288182630419521127770642474448937,price_change,1a0f39b4a4c78eaa5249163a53550e96ac3de774,0xf1ba2c9ca3a82e4edbc945b7a0b28e43454f01a4804b615307465870466a618f,0.56,bid,4930.35,1750205442255
76440473074388722537799893602404687230922238288182630419521127770642474448937,price_change,1a0f39b4a4c78eaa5249163a53550e96ac3de774,0xf1ba2c9ca3a82e4edbc945b7a0b28e43454f01a4804b615307465870466a618f,0.64,ask,3336.11,1750205442255
5899348323059455657630528606815138588415095483052205208567031442326527433126,book,f8ecd739f92365ea1c06cc560fbcb0af24d65d9c,0xf1ba2c9ca3a82e4edbc945b7a0b28e43454f01a4804b615307465870466a618f,0.99,ask,2000,1750206102352
5899348323059455657630528606815138588415095483052205208567031442326527433126,book,f8ecd739f92365ea1c06cc560fbcb0af24d65d9c,0xf1ba2c9ca3a82e4edbc945b7a0b28e43454f01a4804b615307465870466a618f,0.98,ask,1520,1750206102352
5899348323059455657630528606815138588415095483052205208567031442326527433126,book,f8ecd739f92365ea1c06cc560fbcb0af24d65d9c,0xf1ba2c9ca3a82e4edbc945b7a0b28e43454f01a4804b615307465870466a618f,0.97,ask,350,1750206102352
5899348323059455657630528606815138588415095483052205208567031442326527433126,book,f8ecd739f92365ea1c06cc560fbcb0af24d65d9c,0xf1ba2c9ca3a82e4edbc945b7a0b28e43454f01a4804b615307465870466a618f,0.96,ask,250,1750206102352
5899348323059455657630528606815138588415095483052205208567031442326527433126,book,f8ecd739f92365ea1c06cc560fbcb0af24d65d9c,0xf1ba2c9ca3a82e4edbc945b7a0b28e43454f01a4804b615307465870466a618f,0.95,ask,259.5,1750206102352
5899348323059455657630528606815138588415095483052205208567031442326527433126,book,f8ecd739f92365ea1c06cc560fbcb0af24d65d9c,0xf1ba2c9ca3a82e4edbc945b7a0b28e43454f01a4804b615307465870466a618f,0.58,ask,14036,1750206102352
5899348323059455657630528606815138588415095483052205208567031442326527433126,book,f8ecd739f92365ea1c06cc560fbcb0af24d65d9c,0xf1ba2c9ca3a82e4edbc945b7a0b28e43454f01a4804b615307465870466a618f,0.51,ask,22838,1750206102352
5899348323059455657630528606815138588415095483052205208567031442326527433126,book,f8ecd739f92365ea1c06cc560fbcb0af24d65d9c,0xf1ba2c9ca3a82e4edbc945b7a0b28e43454f01a4804b615307465870466a618f,0.5,ask,369,1750206102352
5899348323059455657630528606815138588415095483052205208567031442326527433126,book,f8ecd739f92365ea1c06cc560fbcb0af24d65d9c,0xf1ba2c9ca3a82e4edbc945b7a0b28e43454f01a4804b615307465870466a618f,0.49,ask,5814.5,1750206102352
5899348323059455657630528606815138588415095483052205208567031442326527433126,book,f8ecd739f92365ea1c06cc560fbcb0af24d65d9c,0xf1ba2c9ca3a82e4edbc945b7a0b28e43454f01a4804b615307465870466a618f,0.48,ask,839.38,1750206102352
5899348323059455657630528606815138588415095483052205208567031442326527433126,book,f8ecd739f92365ea1c06cc560fbcb0af24d65d9c,0xf1ba2c9ca3a82e4edbc945b7a0b28e43454f01a4804b615307465870466a618f,0.47,ask,650,1750206102352
5899348323059455657630528606815138588415095483052205208567031442326527433126,book,f8ecd739f92365ea1c06cc560fbcb0af24d65d9c,0xf1ba2c9ca3a82e4edbc945b7a0b28e43454f01a4804b615307465870466a618f,0.46,ask,500,1750206102352
5899348323059455657630528606815138588415095483052205208567031442326527433126,book,f8ecd739f92365ea1c06cc560fbcb0af24d65d9c,0xf1ba2c9ca3a82e4edbc945b7a0b28e43454f01a4804b615307465870466a618f,0.45,ask,1313,1750206102352
5899348323059455657630528606815138588415095483052205208567031442326527433126,book,f8ecd739f92365ea1c06cc560fbcb0af24d65d9c,0xf1ba2c9ca3a82e4edbc945b7a0b28e43454f01a4804b615307465870466a618f,0.44,ask,50.12,1750206102352
5899348323059455657630528606815138588415095483052205208567031442326527433126,book,f8ecd739f92365ea1c06cc560fbcb0af24d65d9c,0xf1ba2c9ca3a82e4edbc945b7a0b28e43454f01a4804b615307465870466a618f,0.01,bid,2009.5,1750206102352
5899348323059455657630528606815138588415095483052205208567031442326527433126,book,f8ecd739f92365ea1c06cc560fbcb0af24d65d9c,0xf1ba2c9ca3a82e4edbc945b7a0b28e43454f01a4804b615307465870466a618f,0.02,bid,1500,1750206102352
5899348323059455657630528606815138588415095483052205208567031442326527433126,book,f8ecd739f92365ea1c06cc560fbcb0af24d65d9c,0xf1ba2c9ca3a82e4edbc945b7a0b28e43454f01a4804b615307465870466a618f,0.03,bid,350,1750206102352
5899348323059455657630528606815138588415095483052205208567031442326527433126,book,f8ecd739f92365ea1c06cc560fbcb0af24d65d9c,0xf1ba2c9ca3a82e4edbc945b7a0b28e43454f01a4804b615307465870466a618f,0.04,bid,250,1750206102352
5899348323059455657630528606815138588415095483052205208567031442326527433126,book,f8ecd739f92365ea1c06cc560fbcb0af24d65d9c,0xf1ba2c9ca3a82e4edbc945b7a0b28e43454f01a4804b615307465870466a618f,0.05,bid,100,1750206102352
5899348323059455657630528606815138588415095483052205208567031442326527433126,book,f8ecd739f92365ea1c06cc560fbcb0af24d65d9c,0xf1ba2c9ca3a82e4edbc945b7a0b28e43454f01a4804b615307465870466a618f,0.3,bid,16390,1750206102352
5899348323059455657630528606815138588415095483052205208567031442326527433126,book,f8ecd739f92365ea1c06cc560fbcb0af24d65d9c,0xf1ba2c9ca3a82e4edbc945b7a0b28e43454f01a4804b615307465870466a618f,0.34,bid,150,1750206102352
5899348323059455657630528606815138588415095483052205208567031442326527433126,book,f8ecd739f92365ea1c06cc560fbcb0af24d65d9c,0xf1ba2c9ca3a82e4edbc945b7a0b28e43454f01a4804b615307465870466a618f,0.35,bid,369,1750206102352
5899348323059455657630528606815138588415095483052205208567031442326527433126,book,f8ecd739f92365ea1c06cc560fbcb0af24d65d9c,0xf1ba2c9ca3a82e4edbc945b7a0b28e43454f01a4804b615307465870466a618f,0.36,bid,50,1750206102352
5899348323059455657630528606815138588415095483052205208567031442326527433126,book,f8ecd739f92365ea1c06cc560fbcb0af24d65d9c,0xf1ba2c9ca3a82e4edbc945b7a0b28e43454f01a4804b615307465870466a618f,0.37,bid,24559,1750206102352
5899348323059455657630528606815138588415095483052205208567031442326527433126,book,f8ecd739f92365ea1c06cc560fbcb0af24d65d9c,0xf1ba2c9ca3a82e4edbc945b7a0b28e43454f01a4804b615307465870466a618f,0.39,bid,6083.73,1750206102352
5899348323059455657630528606815138588415095483052205208567031442326527433126,book,f8ecd739f92365ea1c06cc560fbcb0af24d65d9c,0xf1ba2c9ca3a82e4edbc945b7a0b28e43454f01a4804b615307465870466a618f,0.4,bid,1347,1750206102352
5899348323059455657630528606815138588415095483052205208567031442326527433126,book,f8ecd739f92365ea1c06cc560fbcb0af24d65d9c,0xf1ba2c9ca3a82e4edbc945b7a0b28e43454f01a4804b615307465870466a618f,0.41,bid,2010,1750206102352
5899348323059455657630528606815138588415095483052205208567031442326527433126,book,f8ecd739f92365ea1c06cc560fbcb0af24d65d9c,0xf1ba2c9ca3a82e4edbc945b7a0b28e43454f01a4804b615307465870466a618f,0.42,bid,3382.89,1750206102352
76440473074388722537799893602404687230922238288182630419521127770642474448937,book,13f6579ed843a53f798e90f55e0b69d08cb71aa3,0xf1ba2c9ca3a82e4edbc945b7a0b28e43454f01a4804b615307465870466a618f,0.99,ask,2009.5,1750206102352
76440473074388722537799893602404687230922238288182630419521127770642474448937,book,13f6579ed843a53f798e90f55e0b69d08cb71aa3,0xf1ba2c9ca3a82e4edbc945b7a0b28e43454f01a4804b615307465870466a618f,0.98,ask,1500,1750206102352
76440473074388722537799893602404687230922238288182630419521127770642474448937,book,13f6579ed843a53f798e90f55e0b69d08cb71aa3,0xf1ba2c9ca3a82e4edbc945b7a0b28e43454f01a4804b615307465870466a618f,0.97,ask,350,1750206102352
76440473074388722537799893602404687230922238288182630419521127770642474448937,book,13f6579ed843a53f798e90f55e0b69d08cb71aa3,0xf1ba2c9ca3a82e4edbc945b7a0b28e43454f01a4804b615307465870466a618f,0.96,ask,250,1750206102352
76440473074388722537799893602404687230922238288182630419521127770642474448937,book,13f6579ed843a53f798e90f55e0b69d08cb71aa3,0xf1ba2c9ca3a82e4edbc945b7a0b28e43454f01a4804b615307465870466a618f,0.95,ask,100,1750206102352
76440473074388722537799893602404687230922238288182630419521127770642474448937,book,13f6579ed843a53f798e90f55e0b69d08cb71aa3,0xf1ba2c9ca3a82e4edbc945b7a0b28e43454f01a4804b615307465870466a618f,0.7,ask,16390,1750206102352
76440473074388722537799893602404687230922238288182630419521127770642474448937,book,13f6579ed843a53f798e90f55e0b69d08cb71aa3,0xf1ba2c9ca3a82e4edbc945b7a0b28e43454f01a4804b615307465870466a618f,0.66,ask,150,1750206102352
76440473074388722537799893602404687230922238288182630419521127770642474448937,book,13f6579ed843a53f798e90f55e0b69d08cb71aa3,0xf1ba2c9ca3a82e4edbc945b7a0b28e43454f01a4804b615307465870466a618f,0.65,ask,369,1750206102352
76440473074388722537799893602404687230922238288182630419521127770642474448937,book,13f6579ed843a53f798e90f55e0b69d08cb71aa3,0xf1ba2c9ca3a82e4edbc945b7a0b28e43454f01a4804b615307465870466a618f,0.64,ask,50,1750206102352
76440473074388722537799893602404687230922238288182630419521127770642474448937,book,13f6579ed843a53f798e90f55e0b69d08cb71aa3,0xf1ba2c9ca3a82e4edbc945b7a0b28e43454f01a4804b615307465870466a618f,0.63,ask,24559,1750206102352
76440473074388722537799893602404687230922238288182630419521127770642474448937,book,13f6579ed843a53f798e90f55e0b69d08cb71aa3,0xf1ba2c9ca3a82e4edbc945b7a0b28e43454f01a4804b615307465870466a618f,0.61,ask,6083.73,1750206102352
76440473074388722537799893602404687230922238288182630419521127770642474448937,book,13f6579ed843a53f798e90f55e0b69d08cb71aa3,0xf1ba2c9ca3a82e4edbc945b7a0b28e43454f01a4804b615307465870466a618f,0.6,ask,1347,1750206102352
76440473074388722537799893602404687230922238288182630419521127770642474448937,book,13f6579ed843a53f798e90f55e0b69d08cb71aa3,0xf1ba2c9ca3a82e4edbc945b7a0b28e43454f01a4804b615307465870466a618f,0.59,ask,2010,1750206102352
76440473074388722537799893602404687230922238288182630419521127770642474448937,book,13f6579ed843a53f798e90f55e0b69d08cb71aa3,0xf1ba2c9ca3a82e4edbc945b7a0b28e43454f01a4804b615307465870466a618f,0.58,ask,3382.89,1750206102352
76440473074388722537799893602404687230922238288182630419521127770642474448937,book,13f6579ed843a53f798e90f55e0b69d08cb71aa3,0xf1ba2c9ca3a82e4edbc945b7a0b28e43454f01a4804b615307465870466a618f,0.01,bid,2000,1750206102352
76440473074388722537799893602404687230922238288182630419521127770642474448937,book,13f6579ed843a53f798e90f55e0b69d08cb71aa3,0xf1ba2c9ca3a82e4edbc945b7a0b28e43454f01a4804b615307465870466a618f,0.02,bid,1520,1750206102352
76440473074388722537799893602404687230922238288182630419521127770642474448937,book,13f6579ed843a53f798e90f55e0b69d08cb71aa3,0xf1ba2c9ca3a82e4edbc945b7a0b28e43454f01a4804b615307465870466a618f,0.03,bid,350,1750206102352
76440473074388722537799893602404687230922238288182630419521127770642474448937,book,13f6579ed843a53f798e90f55e0b69d08cb71aa3,0xf1ba2c9ca3a82e4edbc945b7a0b28e43454f01a4804b615307465870466a618f,0.04,bid,250,1750206102352
76440473074388722537799893602404687230922238288182630419521127770642474448937,book,13f6579ed843a53f798e90f55e0b69d08cb71aa3,0xf1ba2c9ca3a82e4edbc945b7a0b28e43454f01a4804b615307465870466a618f,0.05,bid,259.5,1750206102352
76440473074388722537799893602404687230922238288182630419521127770642474448937,book,13f6579ed843a53f798e90f55e0b69d08cb71aa3,0xf1ba2c9ca3a82e4edbc945b7a0b28e43454f01a4804b615307465870466a618f,0.42,bid,14036,1750206102352
76440473074388722537799893602404687230922238288182630419521127770642474448937,book,13f6579ed843a53f798e90f55e0b69d08cb71aa3,0xf1ba2c9ca3a82e4edbc945b7a0b28e43454f01a4804b615307465870466a618f,0.49,bid,22838,1750206102352
76440473074388722537799893602404687230922238288182630419521127770642474448937,book,13f6579ed843a53f798e90f55e0b69d08cb71aa3,0xf1ba2c9ca3a82e4edbc945b7a0b28e43454f01a4804b615307465870466a618f,0.5,bid,369,1750206102352
76440473074388722537799893602404687230922238288182630419521127770642474448937,book,13f6579ed843a53f798e90f55e0b69d08cb71aa3,0xf1ba2c9ca3a82e4edbc945b7a0b28e43454f01a4804b615307465870466a618f,0.51,bid,5814.5,1750206102352
76440473074388722537799893602404687230922238288182630419521127770642474448937,book,13f6579ed843a53f798e90f55e0b69d08cb71aa3,0xf1ba2c9ca3a82e4edbc945b7a0b28e43454f01a4804b615307465870466a618f,0.52,bid,839.38,1750206102352
76440473074388722537799893602404687230922238288182630419521127770642474448937,book,13f6579ed843a53f798e90f55e0b69d08cb71aa3,0xf1ba2c9ca3a82e4edbc945b7a0b28e43454f01a4804b615307465870466a618f,0.53,bid,650,1750206102352
76440473074388722537799893602404687230922238288182630419521127770642474448937,book,13f6579ed843a53f798e90f55e0b69d08cb71aa3,0xf1ba2c9ca3a82e4edbc945b7a0b28e43454f01a4804b615307465870466a618f,0.54,bid,500,1750206102352
76440473074388722537799893602404687230922238288182630419521127770642474448937,book,13f6579ed843a53f798e90f55e0b69d08cb71aa3,0xf1ba2c9ca3a82e4edbc945b7a0b28e43454f01a4804b615307465870466a618f,0.55,bid,1313,1750206102352
76440473074388722537799893602404687230922238288182630419521127770642474448937,book,13f6579ed843a53f798e90f55e0b69d08cb71aa3,0xf1ba2c9ca3a82e4edbc945b7a0b28e43454f01a4804b615307465870466a618f,0.56,bid,50.12,1750206102352
5899348323059455657630528606815138588415095483052205208567031442326527433126,price_change,f8ecd739f92365ea1c06cc560fbcb0af24d65d9c,0xf1ba2c9ca3a82e4edbc945b7a0b28e43454f01a4804b615307465870466a618f,0.39,bid,6083.73,1750206102356
5899348323059455657630528606815138588415095483052205208567031442326527433126,price_change,f8ecd739f92365ea1c06cc560fbcb0af24d65d9c,0xf1ba2c9ca3a82e4edbc945b7a0b28e43454f01a4804b615307465870466a618f,0.48,ask,839.38,1750206102356
76440473074388722537799893602404687230922238288182630419521127770642474448937,price_change,13f6579ed843a53f798e90f55e0b69d08cb71aa3,0xf1ba2c9ca3a82e4edbc945b7a0b28e43454f01a4804b615307465870466a618f,0.61,ask,6083.73,1750206102356
76440473074388722537799893602404687230922238288182630419521127770642474448937,price_change,13f6579ed843a53f798e90f55e0b69d08cb71aa3,0xf1ba2c9ca3a82e4edbc945b7a0b28e43454f01a4804b615307465870466a618f,0.52,bid,839.38,1750206102356
5899348323059455657630528606815138588415095483052205208567031442326527433126,price_change,e9dcc6661d6200a425a966224efb69897b6364da,0xf1ba2c9ca3a82e4edbc945b7a0b28e43454f01a4804b615307465870466a618f,0.48,ask,5162.45,1750206102516
5899348323059455657630528606815138588415095483052205208567031442326527433126,price_change,e9dcc6661d6200a425a966224efb69897b6364da,0xf1ba2c9ca3a82e4edbc945b7a0b28e43454f01a4804b615307465870466a618f,0.39,bid,9437.57,1750206102516
76440473074388722537799893602404687230922238288182630419521127770642474448937,price_change,ac0cc7935c5d147d00189185a6411dba0b550379,0xf1ba2c9ca3a82e4edbc945b7a0b28e43454f01a4804b615307465870466a618f,0.52,bid,5162.45,1750206102516
76440473074388722537799893602404687230922238288182630419521127770642474448937,price_change,ac0cc7935c5d147d00189185a6411dba0b550379,0xf1ba2c9ca3a82e4edbc945b7a0b28e43454f01a4804b615307465870466a618f,0.61,ask,9437.57,1750206102516
76440473074388722537799893602404687230922238288182630419521127770642474448937,price_change,4d3c86d08430141bc2f00b36ef61de62884dd760,0xf1ba2c9ca3a82e4edbc945b7a0b28e43454f01a4804b615307465870466a618f,0.59,ask,1400,1750206102798
76440473074388722537799893602404687230922238288182630419521127770642474448937,price_change,4d3c86d08430141bc2f00b36ef61de62884dd760,0xf1ba2c9ca3a82e4edbc945b7a0b28e43454f01a4804b615307465870466a618f,0.58,ask,0,1750206102798
5899348323059455657630528606815138588415095483052205208567031442326527433126,price_change,c0dea56cf57b8031b94dafd892d33b8a9728a1b2,0xf1ba2c9ca3a82e4edbc945b7a0b28e43454f01a4804b615307465870466a618f,0.41,bid,1400,1750206102798
5899348323059455657630528606815138588415095483052205208567031442326527433126,price_change,c0dea56cf57b8031b94dafd892d33b8a9728a1b2,0xf1ba2c9ca3a82e4edbc945b7a0b28e43454f01a4804b615307465870466a618f,0.42,bid,0,1750206102798
5899348323059455657630528606815138588415095483052205208567031442326527433126,price_change,44e555835b11299fbb420f6e4ec0dc9ea96ef910,0xf1ba2c9ca3a82e4edbc945b7a0b28e43454f01a4804b615307465870466a618f,0.42,bid,3448,1750206107040
76440473074388722537799893602404687230922238288182630419521127770642474448937,price_change,f082fca131f7510c4b4795f15de4423d8286755c,0xf1ba2c9ca3a82e4edbc945b7a0b28e43454f01a4804b615307465870466a618f,0.58,ask,3448,1750206107040
5899348323059455657630528606815138588415095483052205208567031442326527433126,price_change,259ffffae80987f2991ffc2c729f04ace9b22436,0xf1ba2c9ca3a82e4edbc945b7a0b28e43454f01a4804b615307465870466a618f,0.41,bid,2010,1750206107229
76440473074388722537799893602404687230922238288182630419521127770642474448937,price_change,b9013b522417f9dfcbe9cbcac6f566617194158e,0xf1ba2c9ca3a82e4edbc945b7a0b28e43454f01a4804b615307465870466a618f,0.59,ask,2010,1750206107229
76440473074388722537799893602404687230922238288182630419521127770642474448937,book,30477af23b8d6da882f3662c7d85b3a49a9f6026,0xf1ba2c9ca3a82e4edbc945b7a0b28e43454f01a4804b615307465870466a618f,0.99,ask,2009.5,1750206588609
76440473074388722537799893602404687230922238288182630419521127770642474448937,book,30477af23b8d6da882f3662c7d85b3a49a9f6026,0xf1ba2c9ca3a82e4edbc945b7a0b28e43454f01a4804b615307465870466a618f,0.98,ask,1500,1750206588609
76440473074388722537799893602404687230922238288182630419521127770642474448937,book,30477af23b8d6da882f3662c7d85b3a49a9f6026,0xf1ba2c9ca3a82e4edbc945b7a0b28e43454f01a4804b615307465870466a618f,0.97,ask,350,1750206588609
76440473074388722537799893602404687230922238288182630419521127770642474448937,book,30477af23b8d6da882f3662c7d85b3a49a9f6026,0xf1ba2c9ca3a82e4edbc945b7a0b28e43454f01a4804b615307465870466a618f,0.96,ask,250,1750206588609
76440473074388722537799893602404687230922238288182630419521127770642474448937,book,30477af23b8d6da882f3662c7d85b3a49a9f6026,0xf1ba2c9ca3a82e4edbc945b7a0b28e43454f01a4804b615307465870466a618f,0.95,ask,100,1750206588609
76440473074388722537799893602404687230922238288182630419521127770642474448937,book,30477af23b8d6da882f3662c7d85b3a49a9f6026,0xf1ba2c9ca3a82e4edbc945b7a0b28e43454f01a4804b615307465870466a618f,0.54,ask,13792,1750206588609
76440473074388722537799893602404687230922238288182630419521127770642474448937,book,30477af23b8d6da882f3662c7d85b3a49a9f6026,0xf1ba2c9ca3a82e4edbc945b7a0b28e43454f01a4804b615307465870466a618f,0.48,ask,50,1750206588609
76440473074388722537799893602404687230922238288182630419521127770642474448937,book,30477af23b8d6da882f3662c7d85b3a49a9f6026,0xf1ba2c9ca3a82e4edbc945b7a0b28e43454f01a4804b615307465870466a618f,0.47,ask,23280,1750206588609
76440473074388722537799893602404687230922238288182630419521127770642474448937,book,30477af23b8d6da882f3662c7d85b3a49a9f6026,0xf1ba2c9ca3a82e4edbc945b7a0b28e43454f01a4804b615307465870466a618f,0.45,ask,11587.22,1750206588609
76440473074388722537799893602404687230922238288182630419521127770642474448937,book,30477af23b8d6da882f3662c7d85b3a49a9f6026,0xf1ba2c9ca3a82e4edbc945b7a0b28e43454f01a4804b615307465870466a618f,0.44,ask,10429,1750206588609
76440473074388722537799893602404687230922238288182630419521127770642474448937,book,30477af23b8d6da882f3662c7d85b3a49a9f6026,0xf1ba2c9ca3a82e4edbc945b7a0b28e43454f01a4804b615307465870466a618f,0.43,ask,1967,1750206588609
76440473074388722537799893602404687230922238288182630419521127770642474448937,book,30477af23b8d6da882f3662c7d85b3a49a9f6026,0xf1ba2c9ca3a82e4edbc945b7a0b28e43454f01a4804b615307465870466a618f,0.4,ask,3836.66,1750206588609
76440473074388722537799893602404687230922238288182630419521127770642474448937,book,30477af23b8d6da882f3662c7d85b3a49a9f6026,0xf1ba2c9ca3a82e4edbc945b7a0b28e43454f01a4804b615307465870466a618f,0.01,bid,2000,1750206588609
76440473074388722537799893602404687230922238288182630419521127770642474448937,book,30477af23b8d6da882f3662c7d85b3a49a9f6026,0xf1ba2c9ca3a82e4edbc945b7a0b28e43454f01a4804b615307465870466a618f,0.02,bid,1520,1750206588609
76440473074388722537799893602404687230922238288182630419521127770642474448937,book,30477af23b8d6da882f3662c7d85b3a49a9f6026,0xf1ba2c9ca3a82e4edbc945b7a0b28e43454f01a4804b615307465870466a618f,0.03,bid,350,1750206588609
76440473074388722537799893602404687230922238288182630419521127770642474448937,book,30477af23b8d6da882f3662c7d85b3a49a9f6026,0xf1ba2c9ca3a82e4edbc945b7a0b28e43454f01a4804b615307465870466a618f,0.04,bid,250,1750206588609
76440473074388722537799893602404687230922238288182630419521127770642474448937,book,30477af23b8d6da882f3662c7d85b3a49a9f6026,0xf1ba2c9ca3a82e4edbc945b7a0b28e43454f01a4804b615307465870466a618f,0.05,bid,259.5,1750206588609
76440473074388722537799893602404687230922238288182630419521127770642474448937,book,30477af23b8d6da882f3662c7d85b3a49a9f6026,0xf1ba2c9ca3a82e4edbc945b7a0b28e43454f01a4804b615307465870466a618f,0.26,bid,17763,1750206588609
76440473074388722537799893602404687230922238288182630419521127770642474448937,book,30477af23b8d6da882f3662c7d85b3a49a9f6026,0xf1ba2c9ca3a82e4edbc945b7a0b28e43454f01a4804b615307465870466a618f,0.32,bid,369,1750206588609
76440473074388722537799893602404687230922238288182630419521127770642474448937,book,30477af23b8d6da882f3662c7d85b3a49a9f6026,0xf1ba2c9ca3a82e4edbc945b7a0b28e43454f01a4804b615307465870466a618f,0.33,bid,25933,1750206588609
76440473074388722537799893602404687230922238288182630419521127770642474448937,book,30477af23b8d6da882f3662c7d85b3a49a9f6026,0xf1ba2c9ca3a82e4edbc945b7a0b28e43454f01a4804b615307465870466a618f,0.34,bid,50,1750206588609
76440473074388722537799893602404687230922238288182630419521127770642474448937,book,30477af23b8d6da882f3662c7d85b3a49a9f6026,0xf1ba2c9ca3a82e4edbc945b7a0b28e43454f01a4804b615307465870466a618f,0.35,bid,20200.5,1750206588609
76440473074388722537799893602404687230922238288182630419521127770642474448937,book,30477af23b8d6da882f3662c7d85b3a49a9f6026,0xf1ba2c9ca3a82e4edbc945b7a0b28e43454f01a4804b615307465870466a618f,0.36,bid,4566.51,1750206588609
76440473074388722537799893602404687230922238288182630419521127770642474448937,book,30477af23b8d6da882f3662c7d85b3a49a9f6026,0xf1ba2c9ca3a82e4edbc945b7a0b28e43454f01a4804b615307465870466a618f,0.37,bid,163,1750206588609
76440473074388722537799893602404687230922238288182630419521127770642474448937,book,30477af23b8d6da882f3662c7d85b3a49a9f6026,0xf1ba2c9ca3a82e4edbc945b7a0b28e43454f01a4804b615307465870466a618f,0.39,bid,500,1750206588609
5899348323059455657630528606815138588415095483052205208567031442326527433126,book,e8ac4fbad41b3cfd52d04a4860417d7222551ffe,0xf1ba2c9ca3a82e4edbc945b7a0b28e43454f01a4804b615307465870466a618f,0.99,ask,2000,1750206588609
5899348323059455657630528606815138588415095483052205208567031442326527433126,book,e8ac4fbad41b3cfd52d04a4860417d7222551ffe,0xf1ba2c9ca3a82e4edbc945b7a0b28e43454f01a4804b615307465870466a618f,0.98,ask,1520,1750206588609
5899348323059455657630528606815138588415095483052205208567031442326527433126,book,e8ac4fbad41b3cfd52d04a4860417d7222551ffe,0xf1ba2c9ca3a82e4edbc945b7a0b28e43454f01a4804b615307465870466a618f,0.97,ask,350,1750206588609
5899348323059455657630528606815138588415095483052205208567031442326527433126,book,e8ac4fbad41b3cfd52d04a4860417d7222551ffe,0xf1ba2c9ca3a82e4edbc945b7a0b28e43454f01a4804b615307465870466a618f,0.96,ask,250,1750206588609
5899348323059455657630528606815138588415095483052205208567031442326527433126,book,e8ac4fbad41b3cfd52d04a4860417d7222551ffe,0xf1ba2c9ca3a82e4edbc945b7a0b28e43454f01a4804b615307465870466a618f,0.95,ask,259.5,1750206588609
5899348323059455657630528606815138588415095483052205208567031442326527433126,book,e8ac4fbad41b3cfd52d04a4860417d7222551ffe,0xf1ba2c9ca3a82e4edbc945b7a0b28e43454f01a4804b615307465870466a618f,0.74,ask,17763,1750206588609
5899348323059455657630528606815138588415095483052205208567031442326527433126,book,e8ac4fbad41b3cfd52d04a4860417d7222551ffe,0xf1ba2c9ca3a82e4edbc945b7a0b28e43454f01a4804b615307465870466a618f,0.68,ask,369,1750206588609
5899348323059455657630528606815138588415095483052205208567031442326527433126,book,e8ac4fbad41b3cfd52d04a4860417d7222551ffe,0xf1ba2c9ca3a82e4edbc945b7a0b28e43454f01a4804b615307465870466a618f,0.67,ask,25933,1750206588609
5899348323059455657630528606815138588415095483052205208567031442326527433126,book,e8ac4fbad41b3cfd52d04a4860417d7222551ffe,0xf1ba2c9ca3a82e4edbc945b7a0b28e43454f01a4804b615307465870466a618f,0.66,ask,50,1750206588609
5899348323059455657630528606815138588415095483052205208567031442326527433126,book,e8ac4fbad41b3cfd52d04a4860417d7222551ffe,0xf1ba2c9ca3a82e4edbc945b7a0b28e43454f01a4804b615307465870466a618f,0.65,ask,20200.5,1750206588609
5899348323059455657630528606815138588415095483052205208567031442326527433126,book,e8ac4fbad41b3cfd52d04a4860417d7222551ffe,0xf1ba2c9ca3a82e4edbc945b7a0b28e43454f01a4804b615307465870466a618f,0.64,ask,4566.51,1750206588609
5899348323059455657630528606815138588415095483052205208567031442326527433126,book,e8ac4fbad41b3cfd52d04a4860417d7222551ffe,0xf1ba2c9ca3a82e4edbc945b7a0b28e43454f01a4804b615307465870466a618f,0.63,ask,163,1750206588609
5899348323059455657630528606815138588415095483052205208567031442326527433126,book,e8ac4fbad41b3cfd52d04a4860417d7222551ffe,0xf1ba2c9ca3a82e4edbc945b7a0b28e43454f01a4804b615307465870466a618f,0.61,ask,500,1750206588609
5899348323059455657630528606815138588415095483052205208567031442326527433126,book,e8ac4fbad41b3cfd52d04a4860417d7222551ffe,0xf1ba2c9ca3a82e4edbc945b7a0b28e43454f01a4804b615307465870466a618f,0.01,bid,2009.5,1750206588609
5899348323059455657630528606815138588415095483052205208567031442326527433126,book,e8ac4fbad41b3cfd52d04a4860417d7222551ffe,0xf1ba2c9ca3a82e4edbc945b7a0b28e43454f01a4804b615307465870466a618f,0.02,bid,1500,1750206588609
5899348323059455657630528606815138588415095483052205208567031442326527433126,book,e8ac4fbad41b3cfd52d04a4860417d7222551ffe,0xf1ba2c9ca3a82e4edbc945b7a0b28e43454f01a4804b615307465870466a618f,0.03,bid,350,1750206588609
5899348323059455657630528606815138588415095483052205208567031442326527433126,book,e8ac4fbad41b3cfd52d04a4860417d7222551ffe,0xf1ba2c9ca3a82e4edbc945b7a0b28e43454f01a4804b615307465870466a618f,0.04,bid,250,1750206588609
5899348323059455657630528606815138588415095483052205208567031442326527433126,book,e8ac4fbad41b3cfd52d04a4860417d7222551ffe,0xf1ba2c9ca3a82e4edbc945b7a0b28e43454f01a4804b615307465870466a618f,0.05,bid,100,1750206588609
5899348323059455657630528606815138588415095483052205208567031442326527433126,book,e8ac4fbad41b3cfd52d04a4860417d7222551ffe,0xf1ba2c9ca3a82e4edbc945b7a0b28e43454f01a4804b615307465870466a618f,0.46,bid,13792,1750206588609
5899348323059455657630528606815138588415095483052205208567031442326527433126,book,e8ac4fbad41b3cfd52d04a4860417d7222551ffe,0xf1ba2c9ca3a82e4edbc945b7a0b28e43454f01a4804b615307465870466a618f,0.52,bid,50,1750206588609
5899348323059455657630528606815138588415095483052205208567031442326527433126,book,e8ac4fbad41b3cfd52d04a4860417d7222551ffe,0xf1ba2c9ca3a82e4edbc945b7a0b28e43454f01a4804b615307465870466a618f,0.53,bid,23280,1750206588609
5899348323059455657630528606815138588415095483052205208567031442326527433126,book,e8ac4fbad41b3cfd52d04a4860417d7222551ffe,0xf1ba2c9ca3a82e4edbc945b7a0b28e43454f01a4804b615307465870466a618f,0.55,bid,11587.22,1750206588609
5899348323059455657630528606815138588415095483052205208567031442326527433126,book,e8ac4fbad41b3cfd52d04a4860417d7222551ffe,0xf1ba2c9ca3a82e4edbc945b7a0b28e43454f01a4804b615307465870466a618f,0.56,bid,10429,1750206588609
5899348323059455657630528606815138588415095483052205208567031442326527433126,book,e8ac4fbad41b3cfd52d04a4860417d7222551ffe,0xf1ba2c9ca3a82e4edbc945b7a0b28e43454f01a4804b615307465870466a618f,0.57,bid,1967,1750206588609
5899348323059455657630528606815138588415095483052205208567031442326527433126,book,e8ac4fbad41b3cfd52d04a4860417d7222551ffe,0xf1ba2c9ca3a82e4edbc945b7a0b28e43454f01a4804b615307465870466a618f,0.6,bid,3836.66,1750206588609
5899348323059455657630528606815138588415095483052205208567031442326527433126,book,d0f409ff2bb4435aab4d3faef5211ba3c0e69b9b,0xf1ba2c9ca3a82e4edbc945b7a0b28e43454f01a4804b615307465870466a618f,0.99,ask,2000,1750206592068
5899348323059455657630528606815138588415095483052205208567031442326527433126,book,d0f409ff2bb4435aab4d3faef5211ba3c0e69b9b,0xf1ba2c9ca3a82e4edbc945b7a0b28e43454f01a4804b615307465870466a618f,0.98,ask,1520,1750206592068
5899348323059455657630528606815138588415095483052205208567031442326527433126,book,d0f409ff2bb4435aab4d3faef5211ba3c0e69b9b,0xf1ba2c9ca3a82e4edbc945b7a0b28e43454f01a4804b615307465870466a618f,0.97,ask,350,1750206592068
5899348323059455657630528606815138588415095483052205208567031442326527433126,book,d0f409ff2bb4435aab4d3faef5211ba3c0e69b9b,0xf1ba2c9ca3a82e4edbc945b7a0b28e43454f01a4804b615307465870466a618f,0.96,ask,250,1750206592068
5899348323059455657630528606815138588415095483052205208567031442326527433126,book,d0f409ff2bb4435aab4d3faef5211ba3c0e69b9b,0xf1ba2c9ca3a82e4edbc945b7a0b28e43454f01a4804b615307465870466a618f,0.95,ask,259.5,1750206592068
5899348323059455657630528606815138588415095483052205208567031442326527433126,book,d0f409ff2bb4435aab4d3faef5211ba3c0e69b9b,0xf1ba2c9ca3a82e4edbc945b7a0b28e43454f01a4804b615307465870466a618f,0.74,ask,17763,1750206592068
5899348323059455657630528606815138588415095483052205208567031442326527433126,book,d0f409ff2bb4435aab4d3faef5211ba3c0e69b9b,0xf1ba2c9ca3a82e4edbc945b7a0b28e43454f01a4804b615307465870466a618f,0.68,ask,369,1750206592068
5899348323059455657630528606815138588415095483052205208567031442326527433126,book,d0f409ff2bb4435aab4d3faef5211ba3c0e69b9b,0xf1ba2c9ca3a82e4edbc945b7a0b28e43454f01a4804b615307465870466a618f,0.67,ask,25933,1750206592068
5899348323059455657630528606815138588415095483052205208567031442326527433126,book,d0f409ff2bb4435aab4d3faef5211ba3c0e69b9b,0xf1ba2c9ca3a82e4edbc945b7a0b28e43454f01a4804b615307465870466a618f,0.66,ask,50,1750206592068
5899348323059455657630528606815138588415095483052205208567031442326527433126,book,d0f409ff2bb4435aab4d3faef5211ba3c0e69b9b,0xf1ba2c9ca3a82e4edbc945b7a0b28e43454f01a4804b615307465870466a618f,0.65,ask,20200.5,1750206592068
5899348323059455657630528606815138588415095483052205208567031442326527433126,book,d0f409ff2bb4435aab4d3faef5211ba3c0e69b9b,0xf1ba2c9ca3a82e4edbc945b7a0b28e43454f01a4804b615307465870466a618f,0.64,ask,4566.51,1750206592068
5899348323059455657630528606815138588415095483052205208567031442326527433126,book,d0f409ff2bb4435aab4d3faef5211ba3c0e69b9b,0xf1ba2c9ca3a82e4edbc945b7a0b28e43454f01a4804b615307465870466a618f,0.63,ask,163,1750206592068
5899348323059455657630528606815138588415095483052205208567031442326527433126,book,d0f409ff2bb4435aab4d3faef5211ba3c0e69b9b,0xf1ba2c9ca3a82e4edbc945b7a0b28e43454f01a4804b615307465870466a618f,0.61,ask,500,1750206592068
5899348323059455657630528606815138588415095483052205208567031442326527433126,book,d0f409ff2bb4435aab4d3faef5211ba3c0e69b9b,0xf1ba2c9ca3a82e4edbc945b7a0b28e43454f01a4804b615307465870466a618f,0.01,bid,2009.5,1750206592068
5899348323059455657630528606815138588415095483052205208567031442326527433126,book,d0f409ff2bb4435aab4d3faef5211ba3c0e69b9b,0xf1ba2c9ca3a82e4edbc945b7a0b28e43454f01a4804b615307465870466a618f,0.02,bid,1500,1750206592068
5899348323059455657630528606815138588415095483052205208567031442326527433126,book,d0f409ff2bb4435aab4d3faef5211ba3c0e69b9b,0xf1ba2c9ca3a82e4edbc945b7a0b28e43454f01a4804b615307465870466a618f,0.03,bid,350,1750206592068
5899348323059455657630528606815138588415095483052205208567031442326527433126,book,d0f409ff2bb4435aab4d3faef5211ba3c0e69b9b,0xf1ba2c9ca3a82e4edbc945b7a0b28e43454f01a4804b615307465870466a618f,0.04,bid,250,1750206592068
5899348323059455657630528606815138588415095483052205208567031442326527433126,book,d0f409ff2bb4435aab4d3faef5211ba3c0e69b9b,0xf1ba2c9ca3a82e4edbc945b7a0b28e43454f01a4804b615307465870466a618f,0.05,bid,100,1750206592068
5899348323059455657630528606815138588415095483052205208567031442326527433126,book,d0f409ff2bb4435aab4d3faef5211ba3c0e69b9b,0xf1ba2c9ca3a82e4edbc945b7a0b28e43454f01a4804b615307465870466a618f,0.46,bid,13792,1750206592068
5899348323059455657630528606815138588415095483052205208567031442326527433126,book,d0f409ff2bb4435aab4d3faef5211ba3c0e69b9b,0xf1ba2c9ca3a82e4edbc945b7a0b28e43454f01a4804b615307465870466a618f,0.52,bid,50,1750206592068
5899348323059455657630528606815138588415095483052205208567031442326527433126,book,d0f409ff2bb4435aab4d3faef5211ba3c0e69b9b,0xf1ba2c9ca3a82e4edbc945b7a0b28e43454f01a4804b615307465870466a618f,0.53,bid,23280,1750206592068
5899348323059455657630528606815138588415095483052205208567031442326527433126,book,d0f409ff2bb4435aab4d3faef5211ba3c0e69b9b,0xf1ba2c9ca3a82e4edbc945b7a0b28e43454f01a4804b615307465870466a618f,0.55,bid,11587.22,1750206592068
5899348323059455657630528606815138588415095483052205208567031442326527433126,book,d0f409ff2bb4435aab4d3faef5211ba3c0e69b9b,0xf1ba2c9ca3a82e4edbc945b7a0b28e43454f01a4804b615307465870466a618f,0.56,bid,10429,1750206592068
5899348323059455657630528606815138588415095483052205208567031442326527433126,book,d0f409ff2bb4435aab4d3faef5211ba3c0e69b9b,0xf1ba2c9ca3a82e4edbc945b7a0b28e43454f01a4804b615307465870466a618f,0.57,bid,1967,1750206592068
5899348323059455657630528606815138588415095483052205208567031442326527433126,book,d0f409ff2bb4435aab4d3faef5211ba3c0e69b9b,0xf1ba2c9ca3a82e4edbc945b7a0b28e43454f01a4804b615307465870466a618f,0.6,bid,3686.66,1750206592068
76440473074388722537799893602404687230922238288182630419521127770642474448937,book,a2d22ebbcf7669061e78c0f4056847922bec1e52,0xf1ba2c9ca3a82e4edbc945b7a0b28e43454f01a4804b615307465870466a618f,0.99,ask,2009.5,1750206592068
76440473074388722537799893602404687230922238288182630419521127770642474448937,book,a2d22ebbcf7669061e78c0f4056847922bec1e52,0xf1ba2c9ca3a82e4edbc945b7a0b28e43454f01a4804b615307465870466a618f,0.98,ask,1500,1750206592068
76440473074388722537799893602404687230922238288182630419521127770642474448937,book,a2d22ebbcf7669061e78c0f4056847922bec1e52,0xf1ba2c9ca3a82e4edbc945b7a0b28e43454f01a4804b615307465870466a618f,0.97,ask,350,1750206592068
76440473074388722537799893602404687230922238288182630419521127770642474448937,book,a2d22ebbcf7669061e78c0f4056847922bec1e52,0xf1ba2c9ca3a82e4edbc945b7a0b28e43454f01a4804b615307465870466a618f,0.96,ask,250,1750206592068
76440473074388722537799893602404687230922238288182630419521127770642474448937,book,a2d22ebbcf7669061e78c0f4056847922bec1e52,0xf1ba2c9ca3a82e4edbc945b7a0b28e43454f01a4804b615307465870466a618f,0.95,ask,100,1750206592068
76440473074388722537799893602404687230922238288182630419521127770642474448937,book,a2d22ebbcf7669061e78c0f4056847922bec1e52,0xf1ba2c9ca3a82e4edbc945b7a0b28e43454f01a4804b615307465870466a618f,0.54,ask,13792,1750206592068
76440473074388722537799893602404687230922238288182630419521127770642474448937,book,a2d22ebbcf7669061e78c0f4056847922bec1e52,0xf1ba2c9ca3a82e4edbc945b7a0b28e43454f01a4804b615307465870466a618f,0.48,ask,50,1750206592068
76440473074388722537799893602404687230922238288182630419521127770642474448937,book,a2d22ebbcf7669061e78c0f4056847922bec1e52,0xf1ba2c9ca3a82e4edbc945b7a0b28e43454f01a4804b615307465870466a618f,0.47,ask,23280,1750206592068
76440473074388722537799893602404687230922238288182630419521127770642474448937,book,a2d22ebbcf7669061e78c0f4056847922bec1e52,0xf1ba2c9ca3a82e4edbc945b7a0b28e43454f01a4804b615307465870466a618f,0.45,ask,11587.22,1750206592068
76440473074388722537799893602404687230922238288182630419521127770642474448937,book,a2d22ebbcf7669061e78c0f4056847922bec1e52,0xf1ba2c9ca3a82e4edbc945b7a0b28e43454f01a4804b615307465870466a618f,0.44,ask,10429,1750206592068
76440473074388722537799893602404687230922238288182630419521127770642474448937,book,a2d22ebbcf7669061e78c0f4056847922bec1e52,0xf1ba2c9ca3a82e4edbc945b7a0b28e43454f01a4804b615307465870466a618f,0.43,ask,1967,1750206592068
76440473074388722537799893602404687230922238288182630419521127770642474448937,book,a2d22ebbcf7669061e78c0f4056847922bec1e52,0xf1ba2c9ca3a82e4edbc945b7a0b28e43454f01a4804b615307465870466a618f,0.4,ask,3686.66,1750206592068
76440473074388722537799893602404687230922238288182630419521127770642474448937,book,a2d22ebbcf7669061e78c0f4056847922bec1e52,0xf1ba2c9ca3a82e4edbc945b7a0b28e43454f01a4804b615307465870466a618f,0.01,bid,2000,1750206592068
76440473074388722537799893602404687230922238288182630419521127770642474448937,book,a2d22ebbcf7669061e78c0f4056847922bec1e52,0xf1ba2c9ca3a82e4edbc945b7a0b28e43454f01a4804b615307465870466a618f,0.02,bid,1520,1750206592068
76440473074388722537799893602404687230922238288182630419521127770642474448937,book,a2d22ebbcf7669061e78c0f4056847922bec1e52,0xf1ba2c9ca3a82e4edbc945b7a0b28e43454f01a4804b615307465870466a618f,0.03,bid,350,1750206592068
76440473074388722537799893602404687230922238288182630419521127770642474448937,book,a2d22ebbcf7669061e78c0f4056847922bec1e52,0xf1ba2c9ca3a82e4edbc945b7a0b28e43454f01a4804b615307465870466a618f,0.04,bid,250,1750206592068
76440473074388722537799893602404687230922238288182630419521127770642474448937,book,a2d22ebbcf7669061e78c0f4056847922bec1e52,0xf1ba2c9ca3a82e4edbc945b7a0b28e43454f01a4804b615307465870466a618f,0.05,bid,259.5,1750206592068
76440473074388722537799893602404687230922238288182630419521127770642474448937,book,a2d22ebbcf7669061e78c0f4056847922bec1e52,0xf1ba2c9ca3a82e4edbc945b7a0b28e43454f01a4804b615307465870466a618f,0.26,bid,17763,1750206592068
76440473074388722537799893602404687230922238288182630419521127770642474448937,book,a2d22ebbcf7669061e78c0f4056847922bec1e52,0xf1ba2c9ca3a82e4edbc945b7a0b28e43454f01a4804b615307465870466a618f,0.32,bid,369,1750206592068
76440473074388722537799893602404687230922238288182630419521127770642474448937,book,a2d22ebbcf7669061e78c0f4056847922bec1e52,0xf1ba2c9ca3a82e4edbc945b7a0b28e43454f01a4804b615307465870466a618f,0.33,bid,25933,1750206592068
76440473074388722537799893602404687230922238288182630419521127770642474448937,book,a2d22ebbcf7669061e78c0f4056847922bec1e52,0xf1ba2c9ca3a82e4edbc945b7a0b28e43454f01a4804b615307465870466a618f,0.34,bid,50,1750206592068
76440473074388722537799893602404687230922238288182630419521127770642474448937,book,a2d22ebbcf7669061e78c0f4056847922bec1e52,0xf1ba2c9ca3a82e4edbc945b7a0b28e43454f01a4804b615307465870466a618f,0.35,bid,20200.5,1750206592068
76440473074388722537799893602404687230922238288182630419521127770642474448937,book,a2d22ebbcf7669061e78c0f4056847922bec1e52,0xf1ba2c9ca3a82e4edbc945b7a0b28e43454f01a4804b615307465870466a618f,0.36,bid,4566.51,1750206592068
76440473074388722537799893602404687230922238288182630419521127770642474448937,book,a2d22ebbcf7669061e78c0f4056847922bec1e52,0xf1ba2c9ca3a82e4edbc945b7a0b28e43454f01a4804b615307465870466a618f,0.37,bid,163,1750206592068
76440473074388722537799893602404687230922238288182630419521127770642474448937,book,a2d22ebbcf7669061e78c0f4056847922bec1e52,0xf1ba2c9ca3a82e4edbc945b7a0b28e43454f01a4804b615307465870466a618f,0.39,bid,500,1750206592068
76440473074388722537799893602404687230922238288182630419521127770642474448937,price_change,d5fc7a7e9967855706029ea0a72edd4cef2b244d,0xf1ba2c9ca3a82e4edbc945b7a0b28e43454f01a4804b615307465870466a618f,0.48,ask,0,1750206593802
5899348323059455657630528606815138588415095483052205208567031442326527433126,price_change,5ae6646eb62c8294dd36a31bd9783afaf79776db,0xf1ba2c9ca3a82e4edbc945b7a0b28e43454f01a4804b615307465870466a618f,0.52,bid,0,1750206593802
5899348323059455657630528606815138588415095483052205208567031442326527433126,price_change,6296045d02fa78e3eb8702e71e14a197d57d7d46,0xf1ba2c9ca3a82e4edbc945b7a0b28e43454f01a4804b615307465870466a618f,0.51,bid,50,1750206594973
76440473074388722537799893602404687230922238288182630419521127770642474448937,price_change,11d387e47c5281514a90e0e004558d1014f8a463,0xf1ba2c9ca3a82e4edbc945b7a0b28e43454f01a4804b615307465870466a618f,0.49,ask,50,1750206594973
5899348323059455657630528606815138588415095483052205208567031442326527433126,price_change,4340a938bab4bec60e35ef64b1c03ea1950dc79c,0xf1ba2c9ca3a82e4edbc945b7a0b28e43454f01a4804b615307465870466a618f,0.51,bid,0,1750206604264
76440473074388722537799893602404687230922238288182630419521127770642474448937,price_change,a7ac578e524646fc9c50531b3113fd75e7f72370,0xf1ba2c9ca3a82e4edbc945b7a0b28e43454f01a4804b615307465870466a618f,0.49,ask,0,1750206604264
5899348323059455657630528606815138588415095483052205208567031442326527433126,price_change,66f0e28ab21fb8a42769236d76688573e4dd9f2d,0xf1ba2c9ca3a82e4edbc945b7a0b28e43454f01a4804b615307465870466a618f,0.5,bid,150,1750206605075
76440473074388722537799893602404687230922238288182630419521127770642474448937,price_change,3fd6670855257dd5e28aefc11bdda25b5fc7b258,0xf1ba2c9ca3a82e4edbc945b7a0b28e43454f01a4804b615307465870466a618f,0.5,ask,150,1750206605075
5899348323059455657630528606815138588415095483052205208567031442326527433126,price_change,c0494c3c2d39f1e0e09c56c8d3bd2e7745663694,0xf1ba2c9ca3a82e4edbc945b7a0b28e43454f01a4804b615307465870466a618f,0.5,bid,0,1750206606495
76440473074388722537799893602404687230922238288182630419521127770642474448937,price_change,e93d2ed39c80bdef28a1f265cf311837e19a3c74,0xf1ba2c9ca3a82e4edbc945b7a0b28e43454f01a4804b615307465870466a618f,0.5,ask,0,1750206606495
5899348323059455657630528606815138588415095483052205208567031442326527433126,price_change,4f5386adb4f10257c0209b627624de4cd79c9796,0xf1ba2c9ca3a82e4edbc945b7a0b28e43454f01a4804b615307465870466a618f,0.64,ask,1172.08,1750206611868
5899348323059455657630528606815138588415095483052205208567031442326527433126,price_change,4f5386adb4f10257c0209b627624de4cd79c9796,0xf1ba2c9ca3a82e4edbc945b7a0b28e43454f01a4804b615307465870466a618f,0.55,bid,6814.5,1750206611868
76440473074388722537799893602404687230922238288182630419521127770642474448937,price_change,aca599e89d78c8262c040248a4999305e2531d3a,0xf1ba2c9ca3a82e4edbc945b7a0b28e43454f01a4804b615307465870466a618f,0.36,bid,1172.08,1750206611868
76440473074388722537799893602404687230922238288182630419521127770642474448937,price_change,aca599e89d78c8262c040248a4999305e2531d3a,0xf1ba2c9ca3a82e4edbc945b7a0b28e43454f01a4804b615307465870466a618f,0.45,ask,6814.5,1750206611868
76440473074388722537799893602404687230922238288182630419521127770642474448937,price_change,ee4e036124407d7f5eb3ad218762c8160fd54165,0xf1ba2c9ca3a82e4edbc945b7a0b28e43454f01a4804b615307465870466a618f,0.36,bid,4566.51,1750206612163
76440473074388722537799893602404687230922238288182630419521127770642474448937,price_change,ee4e036124407d7f5eb3ad218762c8160fd54165,0xf1ba2c9ca3a82e4edbc945b7a0b28e43454f01a4804b615307465870466a618f,0.45,ask,7041.77,1750206612163
5899348323059455657630528606815138588415095483052205208567031442326527433126,price_change,3b021781374281171b108ec3eb5286b8e575d0f3,0xf1ba2c9ca3a82e4edbc945b7a0b28e43454f01a4804b615307465870466a618f,0.64,ask,4566.51,1750206612163
5899348323059455657630528606815138588415095483052205208567031442326527433126,price_change,3b021781374281171b108ec3eb5286b8e575d0f3,0xf1ba2c9ca3a82e4edbc945b7a0b28e43454f01a4804b615307465870466a618f,0.55,bid,7041.77,1750206612163
76440473074388722537799893602404687230922238288182630419521127770642474448937,price_change,79d8ff0dc073e3028408ab85e86f9a77eb5bf10d,0xf1ba2c9ca3a82e4edbc945b7a0b28e43454f01a4804b615307465870466a618f,0.45,ask,11587.22,1750206612225
5899348323059455657630528606815138588415095483052205208567031442326527433126,price_change,4372de6e3e4b104f519e0904ca2f7b4c81fe5860,0xf1ba2c9ca3a82e4edbc945b7a0b28e43454f01a4804b615307465870466a618f,0.55,bid,11587.22,1750206612225
76440473074388722537799893602404687230922238288182630419521127770642474448937,price_change,c57fd7943ef67166ee0f667f46621f38141edf87,0xf1ba2c9ca3a82e4edbc945b7a0b28e43454f01a4804b615307465870466a618f,0.44,ask,1500,1750206612741
76440473074388722537799893602404687230922238288182630419521127770642474448937,price_change,c57fd7943ef67166ee0f667f46621f38141edf87,0xf1ba2c9ca3a82e4edbc945b7a0b28e43454f01a4804b615307465870466a618f,0.43,ask,650,1750206612741
76440473074388722537799893602404687230922238288182630419521127770642474448937,price_change,c57fd7943ef67166ee0f667f46621f38141edf87,0xf1ba2c9ca3a82e4edbc945b7a0b28e43454f01a4804b615307465870466a618f,0.4,ask,0,1750206612741
76440473074388722537799893602404687230922238288182630419521127770642474448937,price_change,c57fd7943ef67166ee0f667f46621f38141edf87,0xf1ba2c9ca3a82e4edbc945b7a0b28e43454f01a4804b615307465870466a618f,0.35,bid,5914.5,1750206612741
5899348323059455657630528606815138588415095483052205208567031442326527433126,price_change,94f0e1c77d2093f28a9e0bce8b9ef1bc7711b7d5,0xf1ba2c9ca3a82e4edbc945b7a0b28e43454f01a4804b615307465870466a618f,0.56,bid,1500,1750206612741
5899348323059455657630528606815138588415095483052205208567031442326527433126,price_change,94f0e1c77d2093f28a9e0bce8b9ef1bc7711b7d5,0xf1ba2c9ca3a82e4edbc945b7a0b28e43454f01a4804b615307465870466a618f,0.57,bid,650,1750206612741
5899348323059455657630528606815138588415095483052205208567031442326527433126,price_change,94f0e1c77d2093f28a9e0bce8b9ef1bc7711b7d5,0xf1ba2c9ca3a82e4edbc945b7a0b28e43454f01a4804b615307465870466a618f,0.6,bid,0,1750206612741
5899348323059455657630528606815138588415095483052205208567031442326527433126,price_change,94f0e1c77d2093f28a9e0bce8b9ef1bc7711b7d5,0xf1ba2c9ca3a82e4edbc945b7a0b28e43454f01a4804b615307465870466a618f,0.65,ask,5914.5,1750206612741
76440473074388722537799893602404687230922238288182630419521127770642474448937,price_change,f047f76a874e685411ce55ccab143b6d6a6ad5bd,0xf1ba2c9ca3a82e4edbc945b7a0b28e43454f01a4804b615307465870466a618f,0.42,ask,38.13,1750206613028
5899348323059455657630528606815138588415095483052205208567031442326527433126,price_change,b000a0217b7eb418610bf940ae5404b5e9b1bea1,0xf1ba2c9ca3a82e4edbc945b7a0b28e43454f01a4804b615307465870466a618f,0.58,bid,38.13,1750206613028
5899348323059455657630528606815138588415095483052205208567031442326527433126,price_change,90ef92837cd57eb46afe8e6babfb21b85238a24a,0xf1ba2c9ca3a82e4edbc945b7a0b28e43454f01a4804b615307465870466a618f,0.58,bid,4800.13,1750206615154
76440473074388722537799893602404687230922238288182630419521127770642474448937,price_change,a44e97ddd791dae25aec692ca60ee14e44cb491a,0xf1ba2c9ca3a82e4edbc945b7a0b28e43454f01a4804b615307465870466a618f,0.42,ask,4800.13,1750206615154
5899348323059455657630528606815138588415095483052205208567031442326527433126,price_change,94346f3e5e535258fa088f08232a624b011ec9d1,0xf1ba2c9ca3a82e4edbc945b7a0b28e43454f01a4804b615307465870466a618f,0.57,bid,1089,1750206616030
76440473074388722537799893602404687230922238288182630419521127770642474448937,price_change,d07428559dfdf9c468a1f37a1bee413fddf308c5,0xf1ba2c9ca3a82e4edbc945b7a0b28e43454f01a4804b615307465870466a618f,0.43,ask,1089,1750206616030
5899348323059455657630528606815138588415095483052205208567031442326527433126,price_change,acfb546d8f8f653098e1ab62c91d89ac725cc949,0xf1ba2c9ca3a82e4edbc945b7a0b28e43454f01a4804b615307465870466a618f,0.51,bid,50,1750206619880
76440473074388722537799893602404687230922238288182630419521127770642474448937,price_change,810700b4bbfc7de0f2abb72c1e6b44ba8b4c82ab,0xf1ba2c9ca3a82e4edbc945b7a0b28e43454f01a4804b615307465870466a618f,0.49,ask,50,1750206619880
5899348323059455657630528606815138588415095483052205208567031442326527433126,price_change,3e817f217e7ce090c3c73854cade352c14ceec37,0xf1ba2c9ca3a82e4edbc945b7a0b28e43454f01a4804b615307465870466a618f,0.5,bid,150,1750206623292
76440473074388722537799893602404687230922238288182630419521127770642474448937,price_change,b5c6500a2c0a5f08c4778ed20af1e8492f51195c,0xf1ba2c9ca3a82e4edbc945b7a0b28e43454f01a4804b615307465870466a618f,0.5,ask,150,1750206623292
76440473074388722537799893602404687230922238288182630419521127770642474448937,price_change,bb4014a2b3bbddf79a37b295c45ee0f724ec0163,0xf1ba2c9ca3a82e4edbc945b7a0b28e43454f01a4804b615307465870466a618f,0.49,ask,0,1750206631804
5899348323059455657630528606815138588415095483052205208567031442326527433126,price_change,2b14aa6d24bcb9d390b3f0050d71762c01c00ea2,0xf1ba2c9ca3a82e4edbc945b7a0b28e43454f01a4804b615307465870466a618f,0.51,bid,0,1750206631804
76440473074388722537799893602404687230922238288182630419521127770642474448937,price_change,3109e025d21c566e71d74d771c7f3219cd4038ee,0xf1ba2c9ca3a82e4edbc945b7a0b28e43454f01a4804b615307465870466a618f,0.5,ask,0,1750206632088
5899348323059455657630528606815138588415095483052205208567031442326527433126,price_change,a5cf771ac1dfa900f8f26c7b4639d0dd58151a73,0xf1ba2c9ca3a82e4edbc945b7a0b28e43454f01a4804b615307465870466a618f,0.5,bid,0,1750206632088
5899348323059455657630528606815138588415095483052205208567031442326527433126,price_change,7c743e94a7dc7dbd8583cca04825e9da30e0959d,0xf1ba2c9ca3a82e4edbc945b7a0b28e43454f01a4804b615307465870466a618f,0.6,ask,9.13,1750206638148
76440473074388722537799893602404687230922238288182630419521127770642474448937,price_change,ae91a68c81a8fd1c61de8fb9bb75fc112c1cda04,0xf1ba2c9ca3a82e4edbc945b7a0b28e43454f01a4804b615307465870466a618f,0.4,bid,9.13,1750206638148
76440473074388722537799893602404687230922238288182630419521127770642474448937,price_change,445b27869a01ed2c822333109c6852952e215af5,0xf1ba2c9ca3a82e4edbc945b7a0b28e43454f01a4804b615307465870466a618f,0.42,ask,4762,1750206638384
5899348323059455657630528606815138588415095483052205208567031442326527433126,price_change,079fe61c3eab78463ffe88312021ef4207252b81,0xf1ba2c9ca3a82e4edbc945b7a0b28e43454f01a4804b615307465870466a618f,0.58,bid,4762,1750206638384
5899348323059455657630528606815138588415095483052205208567031442326527433126,price_change,460dc59f41ba75de3a9aa14a7bb7f1b79d17daf3,0xf1ba2c9ca3a82e4edbc945b7a0b28e43454f01a4804b615307465870466a618f,0.53,bid,22911,1750206639217
76440473074388722537799893602404687230922238288182630419521127770642474448937,price_change,12dd13b0e0acdf1bb21a16ea62d92980b4fc934f,0xf1ba2c9ca3a82e4edbc945b7a0b28e43454f01a4804b615307465870466a618f,0.47,ask,22911,1750206639217
5899348323059455657630528606815138588415095483052205208567031442326527433126,price_change,0f985127497d20897caa4ca6f37c140caa597d0e,0xf1ba2c9ca3a82e4edbc945b7a0b28e43454f01a4804b615307465870466a618f,0.52,bid,369,1750206641940
5899348323059455657630528606815138588415095483052205208567031442326527433126,price_change,0f985127497d20897caa4ca6f37c140caa597d0e,0xf1ba2c9ca3a82e4edbc945b7a0b28e43454f01a4804b615307465870466a618f,0.64,ask,1335.96,1750206641940
5899348323059455657630528606815138588415095483052205208567031442326527433126,price_change,0f985127497d20897caa4ca6f37c140caa597d0e,0xf1ba2c9ca3a82e4edbc945b7a0b28e43454f01a4804b615307465870466a618f,0.55,bid,7041.77,1750206641940
5899348323059455657630528606815138588415095483052205208567031442326527433126,price_change,0f985127497d20897caa4ca6f37c140caa597d0e,0xf1ba2c9ca3a82e4edbc945b7a0b28e43454f01a4804b615307465870466a618f,0.67,ask,26302,1750206641940
76440473074388722537799893602404687230922238288182630419521127770642474448937,price_change,e715b4ab0c2894e485dcc861dfb0a887c6164cd2,0xf1ba2c9ca3a82e4edbc945b7a0b28e43454f01a4804b615307465870466a618f,0.48,ask,369,1750206641940
76440473074388722537799893602404687230922238288182630419521127770642474448937,price_change,e715b4ab0c2894e485dcc861dfb0a887c6164cd2,0xf1ba2c9ca3a82e4edbc945b7a0b28e43454f01a4804b615307465870466a618f,0.36,bid,1335.96,1750206641940
76440473074388722537799893602404687230922238288182630419521127770642474448937,price_change,e715b4ab0c2894e485dcc861dfb0a887c6164cd2,0xf1ba2c9ca3a82e4edbc945b7a0b28e43454f01a4804b615307465870466a618f,0.45,ask,7041.77,1750206641940
76440473074388722537799893602404687230922238288182630419521127770642474448937,price_change,e715b4ab0c2894e485dcc861dfb0a887c6164cd2,0xf1ba2c9ca3a82e4edbc945b7a0b28e43454f01a4804b615307465870466a618f,0.33,bid,26302,1750206641940
76440473074388722537799893602404687230922238288182630419521127770642474448937,price_change,fd9e9ddd3803606b0f1af85319c1bdd562ef14a9,0xf1ba2c9ca3a82e4edbc945b7a0b28e43454f01a4804b615307465870466a618f,0.36,bid,1172.08,1750206641950
76440473074388722537799893602404687230922238288182630419521127770642474448937,price_change,fd9e9ddd3803606b0f1af85319c1bdd562ef14a9,0xf1ba2c9ca3a82e4edbc945b7a0b28e43454f01a4804b615307465870466a618f,0.45,ask,6814.5,1750206641950
5899348323059455657630528606815138588415095483052205208567031442326527433126,price_change,b186dc7967ad183503030e133b4a127fca191ed6,0xf1ba2c9ca3a82e4edbc945b7a0b28e43454f01a4804b615307465870466a618f,0.64,ask,1172.08,1750206641950
5899348323059455657630528606815138588415095483052205208567031442326527433126,price_change,b186dc7967ad183503030e133b4a127fca191ed6,0xf1ba2c9ca3a82e4edbc945b7a0b28e43454f01a4804b615307465870466a618f,0.55,bid,6814.5,1750206641950
76440473074388722537799893602404687230922238288182630419521127770642474448937,price_change,f21630b46d6f2d8d706b92386528ca79435b7462,0xf1ba2c9ca3a82e4edbc945b7a0b28e43454f01a4804b615307465870466a618f,0.36,bid,4402.63,1750206642187
5899348323059455657630528606815138588415095483052205208567031442326527433126,price_change,c7753fac4796e37b15db7c3df5cf5e46c5a1cf04,0xf1ba2c9ca3a82e4edbc945b7a0b28e43454f01a4804b615307465870466a618f,0.64,ask,4402.63,1750206642187
5899348323059455657630528606815138588415095483052205208567031442326527433126,price_change,0e8998f630b2e2c77c257a04fe244c79bdd97435,0xf1ba2c9ca3a82e4edbc945b7a0b28e43454f01a4804b615307465870466a618f,0.64,ask,4566.51,1750206642305
5899348323059455657630528606815138588415095483052205208567031442326527433126,price_change,0e8998f630b2e2c77c257a04fe244c79bdd97435,0xf1ba2c9ca3a82e4edbc945b7a0b28e43454f01a4804b615307465870466a618f,0.55,bid,11587.22,1750206642305
76440473074388722537799893602404687230922238288182630419521127770642474448937,price_change,43a51bfdfaaf5d17033532ee04892a7492a50e9e,0xf1ba2c9ca3a82e4edbc945b7a0b28e43454f01a4804b615307465870466a618f,0.36,bid,4566.51,1750206642305
76440473074388722537799893602404687230922238288182630419521127770642474448937,price_change,43a51bfdfaaf5d17033532ee04892a7492a50e9e,0xf1ba2c9ca3a82e4edbc945b7a0b28e43454f01a4804b615307465870466a618f,0.45,ask,11587.22,1750206642305
76440473074388722537799893602404687230922238288182630419521127770642474448937,price_change,b020fa23998da2aed154e0ba548a50f589592bf6,0xf1ba2c9ca3a82e4edbc945b7a0b28e43454f01a4804b615307465870466a618f,0.43,ask,650,1750206642718
76440473074388722537799893602404687230922238288182630419521127770642474448937,price_change,b020fa23998da2aed154e0ba548a50f589592bf6,0xf1ba2c9ca3a82e4edbc945b7a0b28e43454f01a4804b615307465870466a618f,0.42,ask,0,1750206642718
5899348323059455657630528606815138588415095483052205208567031442326527433126,price_change,917197af6fc57dd91a186aa62aaee1e5f49e7aa5,0xf1ba2c9ca3a82e4edbc945b7a0b28e43454f01a4804b615307465870466a618f,0.57,bid,650,1750206642718
5899348323059455657630528606815138588415095483052205208567031442326527433126,price_change,917197af6fc57dd91a186aa62aaee1e5f49e7aa5,0xf1ba2c9ca3a82e4edbc945b7a0b28e43454f01a4804b615307465870466a618f,0.58,bid,0,1750206642718
76440473074388722537799893602404687230922238288182630419521127770642474448937,price_change,adc791789e0ebbfa09954a589e802e4993d2c46b,0xf1ba2c9ca3a82e4edbc945b7a0b28e43454f01a4804b615307465870466a618f,0.05,bid,109.5,1750206642984
5899348323059455657630528606815138588415095483052205208567031442326527433126,price_change,2d6cf4cd4b12b050d7324ef438a46d80910987d4,0xf1ba2c9ca3a82e4edbc945b7a0b28e43454f01a4804b615307465870466a618f,0.95,ask,109.5,1750206642984
5899348323059455657630528606815138588415095483052205208567031442326527433126,price_change,0d91ef73f3a6d0f061e5e926ad0de627da5bf049,0xf1ba2c9ca3a82e4edbc945b7a0b28e43454f01a4804b615307465870466a618f,0.51,bid,50,1750206644615
76440473074388722537799893602404687230922238288182630419521127770642474448937,price_change,23d2fc44d73f05a1347d1b5c3281617630c57699,0xf1ba2c9ca3a82e4edbc945b7a0b28e43454f01a4804b615307465870466a618f,0.49,ask,50,1750206644615
76440473074388722537799893602404687230922238288182630419521127770642474448937,price_change,1b126f8123e9a2dbe9cebc32bea4bde1076ece2c,0xf1ba2c9ca3a82e4edbc945b7a0b28e43454f01a4804b615307465870466a618f,0.45,ask,10587.22,1750206650486
76440473074388722537799893602404687230922238288182630419521127770642474448937,price_change,1b126f8123e9a2dbe9cebc32bea4bde1076ece2c,0xf1ba2c9ca3a82e4edbc945b7a0b28e43454f01a4804b615307465870466a618f,0.44,ask,500,1750206650486
76440473074388722537799893602404687230922238288182630419521127770642474448937,price_change,1b126f8123e9a2dbe9cebc32bea4bde1076ece2c,0xf1ba2c9ca3a82e4edbc945b7a0b28e43454f01a4804b615307465870466a618f,0.39,bid,0,1750206650486
76440473074388722537799893602404687230922238288182630419521127770642474448937,price_change,1b126f8123e9a2dbe9cebc32bea4bde1076ece2c,0xf1ba2c9ca3a82e4edbc945b7a0b28e43454f01a4804b615307465870466a618f,0.34,bid,0,1750206650486
5899348323059455657630528606815138588415095483052205208567031442326527433126,price_change,66485649a25df75d18ab1222c3290f494b066a83,0xf1ba2c9ca3a82e4edbc945b7a0b28e43454f01a4804b615307465870466a618f,0.55,bid,10587.22,1750206650486
5899348323059455657630528606815138588415095483052205208567031442326527433126,price_change,66485649a25df75d18ab1222c3290f494b066a83,0xf1ba2c9ca3a82e4edbc945b7a0b28e43454f01a4804b615307465870466a618f,0.56,bid,500,1750206650486
5899348323059455657630528606815138588415095483052205208567031442326527433126,price_change,66485649a25df75d18ab1222c3290f494b066a83,0xf1ba2c9ca3a82e4edbc945b7a0b28e43454f01a4804b615307465870466a618f,0.61,ask,0,1750206650486
5899348323059455657630528606815138588415095483052205208567031442326527433126,price_change,66485649a25df75d18ab1222c3290f494b066a83,0xf1ba2c9ca3a82e4edbc945b7a0b28e43454f01a4804b615307465870466a618f,0.66,ask,0,1750206650486
76440473074388722537799893602404687230922238288182630419521127770642474448937,price_change,9c61d73636cd58cd6f781f798ca8c1c92b3ffdff,0xf1ba2c9ca3a82e4edbc945b7a0b28e43454f01a4804b615307465870466a618f,0.42,ask,4762,1750206650562
5899348323059455657630528606815138588415095483052205208567031442326527433126,price_change,926528c7c3abf18b841980af6671f6a10abf8208,0xf1ba2c9ca3a82e4edbc945b7a0b28e43454f01a4804b615307465870466a618f,0.58,bid,4762,1750206650562
5899348323059455657630528606815138588415095483052205208567031442326527433126,price_change,e49bd06ac4589db4f3b3c56b7e41371ff325a4a5,0xf1ba2c9ca3a82e4edbc945b7a0b28e43454f01a4804b615307465870466a618f,0.57,bid,1089,1750206650774
5899348323059455657630528606815138588415095483052205208567031442326527433126,price_change,e49bd06ac4589db4f3b3c56b7e41371ff325a4a5,0xf1ba2c9ca3a82e4edbc945b7a0b28e43454f01a4804b615307465870466a618f,0.51,bid,0,1750206650774
